2550 4784
151 367 217 460 138
286 351 731 432 M18CELLANEA
766 350 1036 455 CRITICA.

146 564 274 616 nomen
299 537 483 613 obtinuisse
509 518 681 610 neminem
706 534 800 607 latet.
851 535 908 608 At
929 558 1005 608 eam
1021 514 1101 609 tanei

144 662 361 759 Qintilianur
388 658 626 757 aspirationem
653 657 774 730 itidem
799 655 925 732 diserte
953 657 1100 756 appellari

144 791 227 863 Lib.
247 787 272 862 1.
298 787 386 883 Cap.
399 783 571 881 V.-quin
587 778 733 855 foedum
750 777 930 878 foedusque
941 799 1001 876 pro
1011 779 1098 855 Asn-

144 908 379 987 RATIONE
413 907 447 976 V
465 896 575 997 stmili'
598 904 692 977 litera
723 916 855 975 urentes.
906 901 999 977 Nam
1025 914 1098 978 carin
1136 950 1138 959 ·

144 1038 249 1110 Greci
270 1032 411 1128 aspirare
425 1028 539 1124 solent,
566 1043 601 1099 ut
619 1046 679 1124 pro
696 1026 882 1099 Fundanio
899 1029 1006 1101 Cicero
1021 1027 1096 1129 tesca.
1136 1035 1138 1075 ³

143 1164 197 1256 qui
224 1161 362 1254 primam
393 1155 457 1246 ejus
489 1150 615 1225 literam
647 1150 748 1224 dicere
779 1174 840 1224 non
866 1149 976 1248 pollet,
1008 1147 1097 1225 iniit,

144 1284 264 1379 Qam
290 1278 475 1377 gemellam
501 1277 603 1373 plane
618 1273 685 1348 -hic
708 1299 781 1349 rem
803 1275 1006 1365 habeamus,
1026 1272 1096 1351 mod]

144 1402 178 1476 in
206 1400 409 1475 memoriam
434 1400 550 1474 redeas
575 1398 785 1472 Latinorum
801 1399 836 1468 V
854 1435 897 1493 ep
922 1402 995 1473 Vari
1012 1398 1094 1474 irino

143 1527 210 1597 srve
229 1525 258 1596 F
277 1521 489 1595 AEoiensrum
507 1523 589 1596 sono
602 1522 818 1620 respondere,
836 1547 908 1596 non
923 1524 1041 1622 poteris
1052 1542 1095 1599 ow

140 1647 274 1720 sentire.
328 1648 443 1720 Immo
467 1645 571 1743 ipsam
589 1645 693 1719 etiam
711 1648 754 1720 de
771 1672 841 1745 qua
857 1649 976 1746 agitur
990 1673 1054 1755 ren
1062 1647 1096 1721 hic

143 1775 323 1847 habemus.
355 1772 499 1869 Qippe
517 1769 737 1843 certissimum
755 1772 804 1844 est
819 1769 1045 1868 Quintiliana!
1055 1769 1097 1865 fig·

143 1898 278 1967 nificare
295 1894 432 1967 voluisse
448 1893 614 1966 Graetum
627 1895 748 1968 testem
762 1918 827 1997 pro
841 1895 1096 1983 Fundamentum

142 2023 171 2092 F
190 2019 306 2095 Latini
325 2017 445 2091 sonum
463 2016 585 2091 efferre
603 2043 671 2093 non
689 2022 800 2116 possit,
822 2018 955 2093 AEolici
972 2016 1097 2119 potestte

144 2163 298 2214 utentem
321 2130 503 2215 Vandam‘us
528 2145 789 2239 pronunciasse;
815 2143 884 2216 hoc
902 2151 1099 2216 autemront

143 2268 294 2364 aspirare.
344 2268 436 2340 Cum
454 2253 540 2338 adeo
557 2265 667 2339 literae
682 2271 754 2339 er
770 2266 904 2362 duplex
922 2269 1034 2341 inesset
1044 2283 1098 2361 qni

143 2395 232 2478 litas,
257 2382 457 2463 alteratum
477 2386 576 2459 variis
593 2389 715 2485 figuris
731 2409 906 2488 qnatenus
923 2394 1003 2465 esset
1017 2385 1099 2465 cons*

144 2539 227 2586 nans
244 2500 456 2598 communis,
482 2511 584 2584 altera
602 2512 794 2608 peculiaris,
820 2502 994 2612 quatenus
1009 2516 1100 2592 soloen

141 2630 400 2706 consonantium
420 2657 565 2707 numero
580 2634 763 2733 adspiratio
780 2637 904 2711 itidem
922 2619 994 2714 dici
1005 2618 1100 2737 pristis

141 2758 274 2829 Graecis
291 2776 472 2854 propterea
489 2780 552 2855 pro
570 2756 628 2831 sua
643 2773 762 2855 apem
776 2759 886 2835 visum
904 2764 955 2837 est
971 2787 1012 2838 ex
1025 2776 1099 2859 pern

140 2880 213 2952 siari
231 2866 472 2979 potiusquam
495 2885 672 2956 communi
690 2884 857 2982 qualitate
883 2887 999 2971 sedem
1018 2886 1099 2959 deter-

140 3009 354 3079 minantibus
378 3030 453 3077 eam
475 3004 735 3079 consonantium
755 3003 851 3107 'seriei
877 3033 948 3081 non
959 3008 1029 3107 jam
1043 2999 1100 3079 inse·

140 3154 225 3214 rere,
251 3130 307 3202 sed
329 3130 467 3203 alterius
492 3130 724 3228 adspirationis
749 3132 855 3204 modo
878 3131 1101 3229 superscribere.

139 3255 316 3326 Caeterum
334 3277 378 3327 ex
395 3254 593 3328 Ciceroniana
611 3255 726 3327 Graeci
747 3254 838 3328 testis
865 3256 1015 3331 irrisione
1035 3245 1104 3327 aliud
1135 3244 1138 3277 ¹

139 3377 244 3450 etiam
276 3377 312 3449 in
347 3376 533 3452 transcursu
563 3376 742 3451 observare
773 3378 834 3468 est,
867 3404 993 3477 nempe
1024 3376 1107 3476 quam¹

138 3498 260 3572 frustra
282 3497 412 3572 suerint
433 3500 469 3585 ii,
492 3506 526 3573 in
553 3500 681 3597 quibus
698 3501 802 3574 etiam
820 3502 989 3594 Salmastus
1004 3518 1110 3576 nomen

139 3623 320 3718 profitetur
340 3621 454 3709 suum,
480 3624 542 3721 qui
559 3624 767 3698 Latinorum
784 3625 815 3696 F
831 3645 866 3699 et
882 3618 1113 3700 Graet'orurnd

138 3749 283 3821 eandem
300 3743 398 3821 fuisse
415 3746 619 3844 potestatem
637 3749 819 3822 voluerint.
866 3749 953 3822 Hoc
972 3740 1120 3845 utiquesr

137 3889 191 3939 res
214 3868 341 3957 suisset,
365 3867 537 3943 Fundanii
564 3894 690 3945 nomen
715 3871 847 3949 homini
872 3871 1001 3946 Graeco
1028 3865 1125 3945 nihilo

136 3990 248 4086 magis
281 4015 389 4087 quarn
423 3993 589 4068 Romano
623 4018 755 4070 moram
785 3992 924 4096 injicere
958 3994 1125 4093 potuisset.

950 4119 1129 4196 Diversam
