2550 4784
106 96 110 109 ²
266 100 729 183 lanuuium
757 98 993 176 Mannum
1093 108 1143 181 αι’

117 286 120 291 ’
164 279 399 363 defendendam
421 280 458 354 in
484 305 542 356 me
561 281 726 378 recipere.
752 278 882 354 Scribit
897 280 1142 355 Romanorum

112 472 116 477 .
167 403 354 482 dedidimus
378 407 474 503 apud
502 404 636 480 Gellium
660 404 798 478 XVIII.
829 425 884 498 15.
916 399 1143 499 observefflse

169 528 198 597 ie
216 532 296 632 veeste
319 533 496 605 hexametro
518 531 601 627 quod
625 527 794 604 omnimodo
809 533 933 627 quintus
940 529 1073 625 semipes
1089 528 1143 624 (id

105 734 108 739 ,
172 650 219 740 est,
231 655 337 752 prima
352 657 450 754 pedis
467 654 558 728 tertii
576 654 723 753 syllaba)
741 654 1005 744 verbumfiniret.
1048 656 1143 727 Con·

94 842 97 877 ι
174 778 269 852 mvn
281 779 337 854 c1.
364 786 391 822 “
409 778 558 866 Mirum,
585 779 713 876 inquit,
740 781 837 876 quod
858 777 1027 854 omnimoda
1044 776 1142 853 dixe·

172 902 192 938 “
205 900 260 992 rit;
282 927 365 977 cum
381 905 549 978 Lucretius
564 901 633 1002 jam
652 923 729 978 tum
746 903 950 978 variaverit:

168 1083 190 1120 “
227 1079 390 1159 Reddenda
404 1086 440 1154 in
455 1085 579 1155 ratione
593 1105 708 1156 vocare
722 1096 753 1155 et
760 1084 882 1176 semina
898 1105 1016 1162 rerum

165 1208 187 1250 “
199 1223 230 1276 et
243 1206 394 1297 Catullus,

159 1335 183 1377 ⁶⁴
223 1332 336 1406 Omnia
342 1330 455 1422 law
471 1332 609 1427 nefanda
624 1334 705 1406 malo
715 1330 861 1430 permssa
878 1329 1007 1410 furore.
1131 1422 1134 1427 ¹

491 1483 539 1533 m.
550 1458 698 1556 permista
714 1481 796 1532 cum
813 1460 869 1532 ed.
887 1459 990 1533 Cant.

146 1640 231 1735 Σχιὲ.
248 1632 294 1708 de
309 1637 398 1708 Met.
416 1635 542 1729 nenne
584 1637 699 1734 Atqui
716 1659 802 1732 pace
818 1634 951 1723 virio.
970 1633 1019 1709 nil
1036 1633 1140 1736 quid·

145 1782 253 1857 quam
274 1755 411 1832 faciunt
426 1759 576 1833 addenda
592 1761 755 1857 exempla
775 1780 895 1834 contra
910 1760 1008 1858 quod
1024 1757 1152 1858 obser·v

141 1881 239 1956 vavit
254 1886 451 1958 Romanus.
488 1883 605 1958 Velim
626 1883 749 1980 utique
764 1884 845 1959 scire
863 1884 1039 1991 undenam
1055 1905 1140 1956 con·

139 2008 228 2086 stare
252 2013 354 2108 posfit
376 2006 472 2106 priua
498 2009 534 2082 in
560 2009 744 2107 publicum
769 2006 929 2108 prodiisse
946 2011 1003 2082 vel
1021 2007 1143 2095 Catulli

138 2132 199 2205 vel
226 2132 374 2206 Lucretii
398 2152 574 2230 poemata,
599 2157 707 2232 quam
734 2138 888 2208 Varronis
904 2133 1022 2207 Iibros
1044 2132 1141 2207 disci·

137 2259 332 2358 plinarum,
358 2257 541 2354 inquibus
563 2257 681 2332 locum
707 2259 741 2332 in
769 2283 842 2358 quo
868 2233 1042 2335 variamur
1064 2279 1140 2354 rep·

137 2387 233 2482 perit
265 2384 396 2458 Gellius.
463 2383 548 2456 Hoc
583 2385 705 2482 utiquc
739 2385 775 2457 ni
811 2383 969 2459 alicunde
996 2382 1140 2472 constet,

138 2504 265 2579 frustra
290 2507 427 2603 prorsus
454 2506 519 2580 erit
544 2509 607 2582 Vir
635 2509 688 2583 cl.
740 2508 930 2582 Enimvero
959 2527 1060 2581 natus
1091 2505 1140 2578 cst

137 2637 247 2709 Varro
282 2655 390 2704 annos
424 2652 503 2704 ante
537 2633 718 2706 Lucretium
752 2614 845 2706 haud
877 2657 1021 2730 paucos,
1061 2649 1141 2704 ante

139 2757 305 2843 Catullum
329 2755 444 2831 adhuc
478 2756 605 2854 plures.
658 2757 769 2858 Qnod
794 2778 833 2830 ut
860 2758 1075 2855 praestemus,
1102 2755 1143 2829 li·

137 2905 219 2956 ccat
247 2883 331 2956 data
355 2881 486 2955 sumere
510 2884 555 2955 de
581 2882 711 2980 quibus
740 2883 829 2956 inter
856 2883 940 2955 alios
967 2881 1142 2955 convenit.

142 3007 211 3084 1¹¹⁰.
253 3006 417 3087 Catullum
451 3030 542 3081 anno
574 3028 654 3096 ante
689 3008 876 3106 Sallustium,
912 3008 978 3088 hoc
1011 2994 1060 3081 e'st
1088 3006 1140 3079 U.

138 3134 184 3209 C.
215 3133 301 3232 667.
325 3151 449 3205 natum
475 3132 561 3208 effe:
591 3128 653 3207 2⁴⁰.
676 3133 861 3208 Lucretium
886 3135 958 3208 vita
979 3131 1141 3206 fundum

138 3281 235 3335 anno
254 3278 340 3352 702,
367 3274 471 3329 aetate
488 3256 636 3352 integra,
663 3282 774 3354 quum
792 3283 921 3356 paucos
939 3257 1039 3355 supra
1054 3276 1139 3351 qua·
1230 3328 1232 3334 ,
1271 3236 1273 3242 ¹

137 3383 307 3479 draginta
323 3404 432 3455 annos
450 3379 667 3478 implevisset:
698 3375 767 3477 3³¹⁰.
785 3365 959 3455 Varrbnem
973 3381 1015 3451 ad
1026 3378 1143 3474 plures

135 3509 256 3589 abiisse
279 3533 374 3583 anno
400 3508 482 3607 726.
535 3509 617 3601 Jam
647 3507 753 3605 igitur
778 3532 905 3607 paucos
932 3508 1025 3594 istos,-
1052 3529 1140 3604 quos

135 3633 241 3731 supra
258 3630 493 3733 qnadraginta
508 3630 670 3735 implevit
685 3657 792 3706 annos
811 3634 989 3721 Lucretius,
1016 3631 1142 3705 demus

134 3757 239 3837 fuiffe
256 3783 291 3857 5.
344 3757 444 3838 Hinc
471 3777 591 3831 natum
615 3782 696 3832 eum
712 3759 930 3838 habebimus
946 3785 1039 3835 anno
1057 3760 1140 3853 657.

1080 3882 1138 3954 De
