2550 4784
463 389 668 489 (453)

118 569 214 644 brilio
242 569 451 666 argumenti,
486 592 593 666 quarn
621 568 852 646 meditabatur
882 573 1060 672 Piersonus,

128 693 255 767 deinde
271 696 423 767 Krenius:
448 716 538 789 quon
562 712 691 782 tamen,
717 718 761 768 ne
784 696 960 772 confilium
989 701 1062 774 effi.

119 835 211 905 rent,
235 814 413 914 intercepit
438 840 540 890 nrors.
591 817 702 891 Patria
717 841 799 891 vero
815 818 873 893 lua
889 820 993 898 habet
1008 821 1062 895 lu·

118 936 319 1034 erstitee,qui
335 935 469 1011 lortaffe
484 938 650 1013 omnibus
660 938 734 1013 aliis
745 962 902 1015 accurata
915 943 972 1016 illa
985 967 1063 1017 eru-

118 1060 222 1133 itione
251 1060 358 1158 magis
387 1060 538 1135 instructi
561 1059 651 1148 sunt,
674 1084 757 1159 quae
782 1062 918 1138 adlatis
934 1060 1061 1138 facien·

118 1205 168 1256 rrn
180 1181 231 1256 isti
241 1202 446 1280 argumento
454 1184 576 1257 idonea
586 1184 635 1258 est
645 1204 680 1259 et
691 1187 1064 1262 netellaria-Diversr

118 1327 202 1380 rtern
227 1308 427 1382 Atticorum
454 1288 590 1382 onune‘s
615 1328 651 1383 et
672 1309 717 1382 ab
739 1309 812 1383 aliis
830 1310 917 1409 laepe
933 1310 1065 1386 confusr

133 1453 154 1500 a
171 1428 286 1503 nollro
303 1454 454 1528 quoque,
466 1433 526 1528 qui
542 1455 577 1527 p.
590 1456 648 1531 99.
667 1451 704 1506 ct
721 1454 803 1532 229.
827 1433 912 1508 dicit
927 1434 1066 1513 Atticos

118 1588 123 1605 ·
149 1576 215 1648 pro
240 1589 282 1627 aa
308 1554 469 1627 adhibere
491 1553 615 1631 solitos.
663 1556 885 1630 Recentiores
911 1577 1003 1631 certe
1027 1558 1065 1633 id

118 1694 267 1762 cerunt;
293 1700 363 1749 non
387 1677 469 1750 item
490 1695 643 1752 veteres:
670 1678 706 1750 hi
725 1705 871 1768 olnam,
894 1702 931 1754 et
946 1683 1065 1757 {imilla

118 1820 245 1874 xerunt
258 1835 269 1886 ;
295 1799 345 1872 illi
360 1807 496 1889 pmcn.
523 1800 601 1876 vide
617 1800 839 1875 Vallenarr'unr
854 1803 899 1876 ad
914 1802 1061 1898 Euripu.

118 1922 210 1999 lroen.
228 1949 261 1996 v.
277 1926 380 2020 1387.
405 1946 523 1997 enm
538 1923 707 2020 igiturest
722 1924 814 1998 idern
832 1944 868 1997 et
884 1944 984 1998 vetus
997 1927 1068 2005 Ata

118 2071 193 2120 :urn
212 2064 248 2121 et
263 2070 461 2121 commune.
510 2048 559 2121 Et
589 2047 700 2121 multa
727 2045 882 2144 profecto
908 2048 1065 2122 continet

118 2172 283 2245 moronis
299 2170 475 2256 dialeclus,
500 2192 583 2268 quae
600 2169 717 2244 Atticrl
744 2172 931 2245 recentiore
955 2171 1066 2271 magia

118 2293 229 2390 itiqua
245 2292 331 2366 sunt.
357 2292 411 2366 Ut
427 2291 539 2366 noster
548 2314 690 2390 quoque
700 2293 899 2390 Anglorum
916 2278 1067 2393 volgaria

118 2441 193 2492 rino
210 2416 320 2491 multa
336 2417 472 2504 retinet,
498 2440 580 2515 quae
597 2436 633 2489 et
656 2416 701 2489 ab
715 2417 884 2515 elegantia
899 2416 1065 2491 scribendi

118 2545 196 2615 lena
219 2542 306 2633 sunt,
333 2559 368 2614 et
395 2563 440 2613 ex
462 2539 523 2613 usu
549 2538 748 2637 politiorum
773 2540 954 2615 hominurn
970 2542 1065 2616 exci-

118 2682 224 2749 trum,

131 2910 176 2985 P.
203 2914 279 3007 ¹9⁸·
306 2907 329 2982 l.
347 2934 382 3000 4.
420 2907 463 2981 ab
488 2932 546 2984 roro
571 2906 757 3007 eodemque]
794 2907 944 2983 Diversre
973 2906 1066 3005 apud

118 3032 225 3107 :holia
240 3032 416 3109 sententiae
428 3055 497 3106 non
511 3032 555 3105 ab
566 3054 639 3106 uno
649 3030 842 3128 eodemque
852 3035 977 3104 nullm
987 3052 1067 3126 pro-

118 3156 187 3231 :isci
206 3174 405 3254 potuerunt,
429 3157 474 3230 ab
501 3179 573 3228 uno
599 3172 717 3231 tamen
743 3155 939 3254 eodemque
959 3155 1068 3229 Scho-

118 3302 216 3354 >tum
241 3274 395 3353 coucam
413 3298 570 3378 potuere,
594 3277 656 3378 qui
680 3302 751 3352 non
775 3276 891 3368 unius,
913 3277 970 3353 sed
988 3276 1068 3378 plu·
1141 3336 1147 3344 .

118 3428 194 3492 unt,
207 3424 254 3477 et
269 3408 432 3478 variorum
447 3418 548 3490 notas,
572 3421 613 3476 ut
628 3404 739 3501 vulgo
752 3401 913 3491 dicimus,
929 3402 963 3474 ln
981 3401 1068 3476 anti·
1164 3381 1172 3398 ’

118 3552 177 3604 roe
195 3528 369 3627 scriptores
385 3526 582 3605 convaluit.
629 3526 712 3621 Jant
728 3506 862 3602 dudunt
877 3525 971 3600 enirn
987 3549 1068 3599 con.

118 3674 151 3730 at
178 3651 316 3725 Scholia
343 3668 459 3725 vetera
486 3651 650 3749 pleraque
675 3673 746 3724 non
773 3650 820 3725 ab
847 3670 919 3723 uno
948 3646 1069 3747 scripta

118 3778 197 3866 lille,
221 3775 280 3863 sed
295 3798 339 3848 ex
355 3774 473 3849 multis
489 3792 524 3847 et
538 3772 748 3849 diversorum
762 3772 959 3847 criticorum
973 3794 1069 3846 conr·

118 3899 266 3991 terrariis
283 3896 435 3987 collella.
458 3897 548 3971 Vide
572 3895 742 3975 Valtaenar.
766 3895 937 3971 Dillettat.
958 3892 1070 3970 deco·

1001 4017 1100 4095 dice.
