<?xml version="1.0" encoding="UTF-8"?>
<!DOCTYPE html PUBLIC "-//W3C//DTD XHTML 1.0 Transitional//EN"
    "http://www.w3.org/TR/xhtml1/DTD/xhtml1-transitional.dtd">
<html xmlns="http://www.w3.org/1999/xhtml" xml:lang="en" lang="en">
 <head>
  <title>
</title>
<meta http-equiv="Content-Type" content="text/html;charset=utf-8" />
  <meta name='ocr-system' content='tesseract 3.04.00' />
  <meta name='ocr-capabilities' content='ocr_page ocr_carea ocr_par ocr_line ocrx_word'/>
</head>
<body>
  <div class='ocr_page' id='page_1' title='image "./ricardidawesmis00burggoog_0064.png"; bbox 0 0 2550 4784; ppageno 0'>
   <div class='ocr_carea' id='block_1_1' title="bbox 417 301 672 398">
    <p class='ocr_par' dir='ltr' id='par_1_1' title="bbox 417 301 672 398">
     <span class='ocr_line' id='line_1_1' title="bbox 417 301 672 398; baseline 0 -22"><span class='ocrx_word' id='word_1_1' title='bbox 417 305 433 398; x_wconf 85' lang='lat'>(</span> <span class='ocrx_word' id='word_1_2' title='bbox 482 301 605 382; x_wconf 79' lang='lat' dir='ltr'>xxxvii</span> <span class='ocrx_word' id='word_1_3' title='bbox 656 303 672 397; x_wconf 91' lang='lat'>)</span> 
     </span>
    </p>
   </div>
   <div class='ocr_carea' id='block_1_2' title="bbox 23 499 1185 1647">
    <p class='ocr_par' dir='ltr' id='par_1_2' title="bbox 44 499 1170 748">
     <span class='ocr_line' id='line_1_2' title="bbox 44 499 1170 603; baseline -0.001 -27"><span class='ocrx_word' id='word_1_4' title='bbox 44 500 182 603; x_wconf 81' lang='lat' dir='ltr'>gratiis,</span> <span class='ocrx_word' id='word_1_5' title='bbox 208 521 308 574; x_wconf 91' lang='lat' dir='ltr'>nunc</span> <span class='ocrx_word' id='word_1_6' title='bbox 334 520 415 574; x_wconf 80' lang='lat' dir='ltr'>cunt</span> <span class='ocrx_word' id='word_1_7' title='bbox 448 501 600 575; x_wconf 81' lang='lat' dir='ltr'>maxime</span> <span class='ocrx_word' id='word_1_8' title='bbox 627 501 738 600; x_wconf 89' lang='lat' dir='ltr'>probe</span> <span class='ocrx_word' id='word_1_9' title='bbox 770 499 888 580; x_wconf 86' lang='lat' dir='ltr'>sentio.</span> <span class='ocrx_word' id='word_1_10' title='bbox 936 503 1044 587; x_wconf 76' lang='lat' dir='ltr'>Vino</span> <span class='ocrx_word' id='word_1_11' title='bbox 1161 564 1170 575; x_wconf 85' lang='lat'><em>.</em></span> 
     </span>
     <span class='ocr_line' id='line_1_3' title="bbox 50 650 1047 748; baseline 0.008 -23"><span class='ocrx_word' id='word_1_12' title='bbox 50 651 163 748; x_wconf 85' lang='lat' dir='ltr'>igitur</span> <span class='ocrx_word' id='word_1_13' title='bbox 177 672 466 740; x_wconf 75' lang='lat' dir='ltr'>onnattsatno,</span> <span class='ocrx_word' id='word_1_14' title='bbox 488 652 551 747; x_wconf 91' lang='lat' dir='ltr'>qui</span> <span class='ocrx_word' id='word_1_15' title='bbox 567 673 695 725; x_wconf 88' lang='lat' dir='ltr'>nomen</span> <span class='ocrx_word' id='word_1_16' title='bbox 712 650 811 727; x_wconf 89' lang='lat' dir='ltr'>soum</span> <span class='ocrx_word' id='word_1_17' title='bbox 829 653 911 729; x_wconf 91' lang='lat' dir='ltr'>huic</span> <span class='ocrx_word' id='word_1_18' title='bbox 926 654 1047 733; x_wconf 90' lang='lat' dir='ltr'>libello</span> 
     </span>
    </p>

    <p class='ocr_par' dir='ltr' id='par_1_3' title="bbox 51 796 1123 1047">
     <span class='ocr_line' id='line_1_4' title="bbox 51 796 1123 896; baseline 0.007 -24"><span class='ocrx_word' id='word_1_19' title='bbox 51 818 124 872; x_wconf 88' lang='lat' dir='ltr'>non</span> <span class='ocrx_word' id='word_1_20' title='bbox 142 796 282 896; x_wconf 76' lang='lat' dir='ltr'>praefi&#39;gi</span> <span class='ocrx_word' id='word_1_21' title='bbox 299 797 425 888; x_wconf 91' lang='lat' dir='ltr'>noluit,</span> <span class='ocrx_word' id='word_1_22' title='bbox 449 818 575 895; x_wconf 85' lang='lat' dir='ltr'>praeter</span> <span class='ocrx_word' id='word_1_23' title='bbox 590 799 704 873; x_wconf 83' lang='lat' dir='ltr'>literas</span> <span class='ocrx_word' id='word_1_24' title='bbox 727 800 771 875; x_wconf 88' lang='lat' dir='ltr'>de</span> <span class='ocrx_word' id='word_1_25' title='bbox 791 801 949 878; x_wconf 86' lang='lat' dir='ltr'>Dawefio</span> <span class='ocrx_word' id='word_1_26' title='bbox 972 802 1048 878; x_wconf 91' lang='lat' dir='ltr'>nos·</span> <span class='ocrx_word' id='word_1_27' title='bbox 1115 813 1123 835; x_wconf 60' lang='lat'><strong>⁸</strong></span> 
     </span>
     <span class='ocr_line' id='line_1_5' title="bbox 52 945 1048 1047; baseline 0.009 -27"><span class='ocrx_word' id='word_1_28' title='bbox 52 966 110 1021; x_wconf 90' lang='lat' dir='ltr'>tro</span> <span class='ocrx_word' id='word_1_29' title='bbox 124 945 266 1047; x_wconf 83' lang='lat' dir='ltr'>scripta&#39;a</span> <span class='ocrx_word' id='word_1_30' title='bbox 282 945 507 1024; x_wconf 84' lang='lat' dir='ltr'>suavissimam</span> <span class='ocrx_word' id='word_1_31' title='bbox 526 973 666 1024; x_wconf 87' lang='lat' dir='ltr'>motum</span> <span class='ocrx_word' id='word_1_32' title='bbox 683 947 883 1027; x_wconf 86' lang='lat' dir='ltr'>facilitatem</span> <span class='ocrx_word' id='word_1_33' title='bbox 896 949 1048 1029; x_wconf 87' lang='lat' dir='ltr'>referen-</span> 
     </span>
    </p>

    <p class='ocr_par' dir='ltr' id='par_1_4' title="bbox 23 1095 1185 1647">
     <span class='ocr_line' id='line_1_6' title="bbox 55 1095 1049 1198; baseline 0.005 -27"><span class='ocrx_word' id='word_1_34' title='bbox 55 1116 122 1188; x_wconf 83' lang='lat' dir='ltr'>tes,</span> <span class='ocrx_word' id='word_1_35' title='bbox 147 1095 355 1172; x_wconf 85' lang='lat' dir='ltr'>schediasma</span> <span class='ocrx_word' id='word_1_36' title='bbox 378 1098 683 1190; x_wconf 85' lang='lat' dir='ltr'>Observationum,</span> <span class='ocrx_word' id='word_1_37' title='bbox 708 1123 791 1198; x_wconf 87' lang='lat' dir='ltr'>qoae</span> <span class='ocrx_word' id='word_1_38' title='bbox 808 1099 890 1174; x_wconf 89' lang='lat' dir='ltr'>huic</span> <span class='ocrx_word' id='word_1_39' title='bbox 906 1100 1049 1177; x_wconf 88' lang='lat' dir='ltr'>editioni</span> 
     </span>
     <span class='ocr_line' id='line_1_7' title="bbox 23 1247 1112 1350; baseline 0.005 -28"><span class='ocrx_word' id='word_1_40' title='bbox 23 1340 28 1348; x_wconf 23' lang='lat'><strong><em>¹</em></strong></span> <span class='ocrx_word' id='word_1_41' title='bbox 55 1247 212 1323; x_wconf 82' lang='lat' dir='ltr'>maximo</span> <span class='ocrx_word' id='word_1_42' title='bbox 227 1248 306 1323; x_wconf 91' lang='lat' dir='ltr'>sunt</span> <span class='ocrx_word' id='word_1_43' title='bbox 324 1267 531 1323; x_wconf 89' lang='lat' dir='ltr'>ornamento</span> <span class='ocrx_word' id='word_1_44' title='bbox 546 1252 741 1350; x_wconf 87' lang='lat' dir='ltr'>pretioque,</span> <span class='ocrx_word' id='word_1_45' title='bbox 758 1250 891 1326; x_wconf 77' lang='lat' dir='ltr'>caeteris</span> <span class='ocrx_word' id='word_1_46' title='bbox 907 1252 1051 1326; x_wconf 88' lang='lat' dir='ltr'>adnota·</span> <span class='ocrx_word' id='word_1_47' title='bbox 1107 1306 1112 1317; x_wconf 80' lang='lat'>.</span> 
     </span>
     <span class='ocr_line' id='line_1_8' title="bbox 55 1380 1185 1511; baseline 0.002 -39"><span class='ocrx_word' id='word_1_48' title='bbox 55 1398 211 1511; x_wconf 74' lang='lat' dir='ltr'>tionibus</span> <span class='ocrx_word' id='word_1_49' title='bbox 240 1396 476 1487; x_wconf 70' lang='lat' dir='ltr'>admitterem,</span> <span class='ocrx_word' id='word_1_50' title='bbox 512 1399 738 1497; x_wconf 75' lang='lat' dir='ltr'>transmissum·</span> <span class='ocrx_word' id='word_1_51' title='bbox 764 1399 887 1476; x_wconf 84' lang='lat' dir='ltr'>debeo.</span> <span class='ocrx_word' id='word_1_52' title='bbox 938 1380 1058 1497; x_wconf 40' lang='lat' dir='ltr'>Cujus&#39;</span> <span class='ocrx_word' id='word_1_53' title='bbox 1166 1407 1185 1459; x_wconf 87' lang='grc'>-“</span> 
     </span>
     <span class='ocr_line' id='line_1_9' title="bbox 55 1548 1051 1647; baseline 0.006 -27"><span class='ocrx_word' id='word_1_54' title='bbox 55 1566 201 1647; x_wconf 83' lang='lat' dir='ltr'>quantae</span> <span class='ocrx_word' id='word_1_55' title='bbox 226 1571 363 1622; x_wconf 89' lang='lat' dir='ltr'>mernor</span> <span class='ocrx_word' id='word_1_56' title='bbox 391 1549 613 1622; x_wconf 89' lang='lat' dir='ltr'>humanitatis</span> <span class='ocrx_word' id='word_1_57' title='bbox 637 1548 724 1623; x_wconf 89' lang='lat' dir='ltr'>hanc</span> <span class='ocrx_word' id='word_1_58' title='bbox 748 1551 1051 1626; x_wconf 85' lang='lat' dir='ltr'>Miscellaneorum</span> 
     </span>
    </p>
   </div>
   <div class='ocr_carea' id='block_1_3' title="bbox 54 1669 1052 1797">
    <p class='ocr_par' dir='ltr' id='par_1_5' title="bbox 54 1669 1052 1797">
     <span class='ocr_line' id='line_1_10' title="bbox 54 1669 1052 1797; baseline 0.002 -25"><span class='ocrx_word' id='word_1_59' title='bbox 54 1669 269 1772; x_wconf 74' lang='lat' dir='ltr'>Criticorutn</span> <span class='ocrx_word' id='word_1_60' title='bbox 282 1697 484 1786; x_wconf 86' lang='lat' dir='ltr'>editionem,</span> <span class='ocrx_word' id='word_1_61' title='bbox 493 1722 600 1797; x_wconf 89' lang='lat' dir='ltr'>quarn</span> <span class='ocrx_word' id='word_1_62' title='bbox 611 1698 762 1797; x_wconf 72' lang='lat' dir='ltr'>primum</span> <span class='ocrx_word' id='word_1_63' title='bbox 774 1698 1002 1774; x_wconf 86' lang='lat' dir='ltr'>observantiae</span> <span class='ocrx_word' id='word_1_64' title='bbox 1014 1717 1052 1774; x_wconf 90' lang='lat' dir='ltr'>et</span> 
     </span>
    </p>
   </div>
   <div class='ocr_carea' id='block_1_4' title="bbox 14 1846 1120 3899">
    <p class='ocr_par' dir='ltr' id='par_1_6' title="bbox 55 1846 1120 3440">
     <span class='ocr_line' id='line_1_11' title="bbox 55 1846 1052 1948; baseline 0.001 -26"><span class='ocrx_word' id='word_1_65' title='bbox 55 1847 200 1923; x_wconf 80' lang='lat' dir='ltr'>bonoria</span> <span class='ocrx_word' id='word_1_66' title='bbox 216 1846 328 1936; x_wconf 86' lang='lat' dir='ltr'>causa,</span> <span class='ocrx_word' id='word_1_67' title='bbox 353 1870 426 1944; x_wconf 90' lang='lat' dir='ltr'>quo</span> <span class='ocrx_word' id='word_1_68' title='bbox 442 1847 507 1922; x_wconf 90' lang='lat' dir='ltr'>viri</span> <span class='ocrx_word' id='word_1_69' title='bbox 523 1847 755 1923; x_wconf 75' lang='lat' dir='ltr'>humanissimi</span> <span class='ocrx_word' id='word_1_70' title='bbox 772 1847 908 1923; x_wconf 89' lang='lat' dir='ltr'>erudita</span> <span class='ocrx_word' id='word_1_71' title='bbox 931 1846 1052 1948; x_wconf 87' lang='lat' dir='ltr'>scripta</span> 
     </span>
     <span class='ocr_line' id='line_1_12' title="bbox 59 1998 1054 2096; baseline -0.002 -22"><span class='ocrx_word' id='word_1_72' title='bbox 59 1999 169 2085; x_wconf 84' lang='lat' dir='ltr'>colui,</span> <span class='ocrx_word' id='word_1_73' title='bbox 194 1999 370 2086; x_wconf 84' lang='lat' dir='ltr'>volebam,</span> <span class='ocrx_word' id='word_1_74' title='bbox 397 1998 521 2096; x_wconf 88' lang='lat' dir='ltr'>ignoto</span> <span class='ocrx_word' id='word_1_75' title='bbox 537 1998 780 2071; x_wconf 83' lang='lat' dir='ltr'>munusculum</span> <span class='ocrx_word' id='word_1_76' title='bbox 799 1999 932 2096; x_wconf 67' lang='lat' dir='ltr'>ignoti,</span> <span class='ocrx_word' id='word_1_77' title='bbox 958 2021 1054 2073; x_wconf 90' lang='lat' dir='ltr'>nunc</span> 
     </span>
     <span class='ocr_line' id='line_1_13' title="bbox 59 2145 1057 2245; baseline 0 -24"><span class='ocrx_word' id='word_1_78' title='bbox 59 2147 204 2222; x_wconf 85' lang='lat' dir='ltr'>tandem</span> <span class='ocrx_word' id='word_1_79' title='bbox 214 2146 293 2221; x_wconf 82' lang='lat' dir='ltr'>leve</span> <span class='ocrx_word' id='word_1_80' title='bbox 301 2145 431 2244; x_wconf 88' lang='lat' dir='ltr'>aliquid</span> <span class='ocrx_word' id='word_1_81' title='bbox 439 2147 678 2245; x_wconf 81' lang='lat' dir='ltr'>gratiquoque</span> <span class='ocrx_word' id='word_1_82' title='bbox 688 2147 793 2221; x_wconf 88' lang='lat' dir='ltr'>animi</span> <span class='ocrx_word' id='word_1_83' title='bbox 804 2146 1057 2237; x_wconf 73' lang='lat' dir='ltr'>testinnonium,¹</span> 
     </span>
     <span class='ocr_line' id='line_1_14' title="bbox 59 2291 1057 2393; baseline -0.006 -21"><span class='ocrx_word' id='word_1_84' title='bbox 59 2317 180 2372; x_wconf 82' lang='lat' dir='ltr'>extare</span> <span class='ocrx_word' id='word_1_85' title='bbox 191 2296 301 2385; x_wconf 87' lang='lat' dir='ltr'>volui,</span> <span class='ocrx_word' id='word_1_86' title='bbox 314 2320 398 2393; x_wconf 85' lang='lat' dir='ltr'>erga</span> <span class='ocrx_word' id='word_1_87' title='bbox 409 2295 601 2382; x_wconf 88' lang='lat' dir='ltr'>hominem,</span> <span class='ocrx_word' id='word_1_88' title='bbox 614 2291 713 2392; x_wconf 86' lang='lat' dir='ltr'>cujus</span> <span class='ocrx_word' id='word_1_89' title='bbox 730 2295 764 2367; x_wconf 91' lang='lat' dir='ltr'>in</span> <span class='ocrx_word' id='word_1_90' title='bbox 783 2293 974 2369; x_wconf 88' lang='lat' dir='ltr'>amicorum</span> <span class='ocrx_word' id='word_1_91' title='bbox 992 2316 1057 2366; x_wconf 91' lang='lat' dir='ltr'>nu·</span> 
     </span>
     <span class='ocr_line' id='line_1_15' title="bbox 60 2420 1059 2544; baseline -0.01 -21"><span class='ocrx_word' id='word_1_92' title='bbox 60 2472 160 2523; x_wconf 91' lang='lat' dir='ltr'>mero</span> <span class='ocrx_word' id='word_1_93' title='bbox 168 2447 234 2521; x_wconf 81' lang='lat' dir='ltr'>effe</span> <span class='ocrx_word' id='word_1_94' title='bbox 246 2444 381 2544; x_wconf 85' lang='lat' dir='ltr'>semper</span> <span class='ocrx_word' id='word_1_95' title='bbox 389 2444 546 2519; x_wconf 87' lang='lat' dir='ltr'>felicitati</span> <span class='ocrx_word' id='word_1_96' title='bbox 556 2461 592 2519; x_wconf 92' lang='lat' dir='ltr'>et</span> <span class='ocrx_word' id='word_1_97' title='bbox 600 2442 715 2517; x_wconf 88' lang='lat' dir='ltr'>decori</span> <span class='ocrx_word' id='word_1_98' title='bbox 727 2442 876 2518; x_wconf 86' lang='lat' dir='ltr'>habebo.</span> <span class='ocrx_word' id='word_1_99' title='bbox 901 2420 1059 2514; x_wconf 79' lang='lat' dir='ltr'>Etlocus</span> 
     </span>
     <span class='ocr_line' id='line_1_16' title="bbox 62 2587 1057 2689; baseline -0.007 -19"><span class='ocrx_word' id='word_1_100' title='bbox 62 2597 121 2672; x_wconf 83' lang='lat' dir='ltr'>bic</span> <span class='ocrx_word' id='word_1_101' title='bbox 145 2594 275 2682; x_wconf 86' lang='lat' dir='ltr'>suerat,</span> <span class='ocrx_word' id='word_1_102' title='bbox 300 2594 325 2666; x_wconf 83' lang='lat' dir='ltr'>st</span> <span class='ocrx_word' id='word_1_103' title='bbox 350 2617 394 2667; x_wconf 84' lang='lat' dir='ltr'>ex</span> <span class='ocrx_word' id='word_1_104' title='bbox 420 2594 538 2666; x_wconf 88' lang='lat' dir='ltr'>animo</span> <span class='ocrx_word' id='word_1_105' title='bbox 561 2616 642 2667; x_wconf 88' lang='lat' dir='ltr'>meo</span> <span class='ocrx_word' id='word_1_106' title='bbox 668 2591 814 2689; x_wconf 84' lang='lat' dir='ltr'>egerim,</span> <span class='ocrx_word' id='word_1_107' title='bbox 839 2590 875 2664; x_wconf 91' lang='lat' dir='ltr'>in</span> <span class='ocrx_word' id='word_1_108' title='bbox 897 2613 971 2688; x_wconf 91' lang='lat' dir='ltr'>quo</span> <span class='ocrx_word' id='word_1_109' title='bbox 991 2587 1057 2663; x_wconf 89' lang='lat' dir='ltr'>viri</span> 
     </span>
     <span class='ocr_line' id='line_1_17' title="bbox 62 2739 1059 2847; baseline -0.009 -26"><span class='ocrx_word' id='word_1_110' title='bbox 62 2746 192 2847; x_wconf 87' lang='lat' dir='ltr'>optimi</span> <span class='ocrx_word' id='word_1_111' title='bbox 210 2746 348 2820; x_wconf 89' lang='lat' dir='ltr'>summa</span> <span class='ocrx_word' id='word_1_112' title='bbox 364 2743 408 2818; x_wconf 88' lang='lat' dir='ltr'>de</span> <span class='ocrx_word' id='word_1_113' title='bbox 426 2743 560 2819; x_wconf 80' lang='lat' dir='ltr'>Graecis</span> <span class='ocrx_word' id='word_1_114' title='bbox 578 2743 763 2840; x_wconf 89' lang='lat' dir='ltr'>patriisque</span> <span class='ocrx_word' id='word_1_115' title='bbox 787 2741 894 2814; x_wconf 83' lang='lat' dir='ltr'>literis</span> <span class='ocrx_word' id='word_1_116' title='bbox 922 2739 1059 2829; x_wconf 88' lang='lat' dir='ltr'>merita,</span> 
     </span>
     <span class='ocr_line' id='line_1_18' title="bbox 60 2870 1120 2996; baseline -0.013 -22"><span class='ocrx_word' id='word_1_117' title='bbox 60 2900 106 2974; x_wconf 86' lang='lat' dir='ltr'>de</span> <span class='ocrx_word' id='word_1_118' title='bbox 118 2895 303 2996; x_wconf 87' lang='lat' dir='ltr'>Euripide,</span> <span class='ocrx_word' id='word_1_119' title='bbox 322 2893 522 2981; x_wconf 84' lang='lat' dir='ltr'>Plutarcho,</span> <span class='ocrx_word' id='word_1_120' title='bbox 535 2891 674 2979; x_wconf 90' lang='lat' dir='ltr'>Babrio‚</span> <span class='ocrx_word' id='word_1_121' title='bbox 688 2909 724 2964; x_wconf 93' lang='lat' dir='ltr'>et</span> <span class='ocrx_word' id='word_1_122' title='bbox 741 2889 900 2987; x_wconf 90' lang='lat' dir='ltr'>Orpheo,</span> <span class='ocrx_word' id='word_1_123' title='bbox 917 2888 979 2987; x_wconf 90' lang='lat' dir='ltr'>qui</span> <span class='ocrx_word' id='word_1_124' title='bbox 994 2910 1059 2961; x_wconf 90' lang='lat' dir='ltr'>vo·</span> <span class='ocrx_word' id='word_1_125' title='bbox 1114 2870 1120 2877; x_wconf 55' lang='grc'><strong>’</strong></span> 
     </span>
     <span class='ocr_line' id='line_1_19' title="bbox 64 3036 1059 3142; baseline -0.013 -19"><span class='ocrx_word' id='word_1_126' title='bbox 64 3069 189 3142; x_wconf 61' lang='lat' dir='ltr'>catum</span> <span class='ocrx_word' id='word_1_127' title='bbox 213 3041 258 3120; x_wconf 86' lang='lat' dir='ltr'>de</span> <span class='ocrx_word' id='word_1_128' title='bbox 286 3044 480 3132; x_wconf 88' lang='lat' dir='ltr'>Chaucero,</span> <span class='ocrx_word' id='word_1_129' title='bbox 506 3038 762 3138; x_wconf 87' lang='lat' dir='ltr'>Shakespeario,</span> <span class='ocrx_word' id='word_1_130' title='bbox 788 3036 941 3137; x_wconf 85' lang='lat' dir='ltr'>aliisque,</span> <span class='ocrx_word' id='word_1_131' title='bbox 966 3058 1059 3134; x_wconf 85' lang='lat' dir='ltr'>prae·</span> 
     </span>
     <span class='ocr_line' id='line_1_20' title="bbox 66 3187 1061 3295; baseline -0.009 -20"><span class='ocrx_word' id='word_1_132' title='bbox 66 3200 232 3286; x_wconf 87' lang='lat' dir='ltr'>dicarem,</span> <span class='ocrx_word' id='word_1_133' title='bbox 259 3197 296 3270; x_wconf 89' lang='lat' dir='ltr'>ni</span> <span class='ocrx_word' id='word_1_134' title='bbox 314 3193 391 3295; x_wconf 86' lang='lat' dir='ltr'>jam</span> <span class='ocrx_word' id='word_1_135' title='bbox 414 3194 500 3269; x_wconf 88' lang='lat' dir='ltr'>adeo</span> <span class='ocrx_word' id='word_1_136' title='bbox 524 3192 729 3292; x_wconf 84' lang='lat' dir='ltr'>pervulgata</span> <span class='ocrx_word' id='word_1_137' title='bbox 744 3187 894 3278; x_wconf 85' lang='lat' dir='ltr'>suiffent,</span> <span class='ocrx_word' id='word_1_138' title='bbox 920 3204 961 3261; x_wconf 93' lang='lat' dir='ltr'>ut</span> <span class='ocrx_word' id='word_1_139' title='bbox 989 3210 1061 3266; x_wconf 89' lang='lat' dir='ltr'>non</span> 
     </span>
     <span class='ocr_line' id='line_1_21' title="bbox 71 3338 1061 3440; baseline -0.016 -13"><span class='ocrx_word' id='word_1_140' title='bbox 71 3355 153 3428; x_wconf 82' lang='lat' dir='ltr'>mela</span> <span class='ocrx_word' id='word_1_141' title='bbox 178 3367 273 3424; x_wconf 89' lang='lat' dir='ltr'>certe</span> <span class='ocrx_word' id='word_1_142' title='bbox 299 3344 555 3422; x_wconf 79' lang='lat' dir='ltr'>laudationibus</span> <span class='ocrx_word' id='word_1_143' title='bbox 581 3342 804 3440; x_wconf 86' lang='lat' dir='ltr'>indigerent;</span> <span class='ocrx_word' id='word_1_144' title='bbox 836 3356 871 3414; x_wconf 92' lang='lat' dir='ltr'>et</span> <span class='ocrx_word' id='word_1_145' title='bbox 895 3363 937 3413; x_wconf 89' lang='lat' dir='ltr'>ea</span> <span class='ocrx_word' id='word_1_146' title='bbox 956 3338 1061 3412; x_wconf 88' lang='lat' dir='ltr'>etiam</span> 
     </span>
    </p>

    <p class='ocr_par' dir='ltr' id='par_1_7' title="bbox 14 3490 1065 3899">
     <span class='ocr_line' id='line_1_22' title="bbox 14 3490 1061 3598; baseline -0.015 -21"><span class='ocrx_word' id='word_1_147' title='bbox 14 3502 17 3507; x_wconf 74' lang='grc'><strong>’</strong></span> <span class='ocrx_word' id='word_1_148' title='bbox 74 3503 292 3591; x_wconf 81' lang='lat' dir='ltr'>celebrarem,</span> <span class='ocrx_word' id='word_1_149' title='bbox 329 3521 412 3598; x_wconf 83' lang='lat' dir='ltr'>quae</span> <span class='ocrx_word' id='word_1_150' title='bbox 440 3494 573 3593; x_wconf 84' lang='lat' dir='ltr'>majora</span> <span class='ocrx_word' id='word_1_151' title='bbox 604 3492 691 3582; x_wconf 91' lang='lat' dir='ltr'>sunt,</span> <span class='ocrx_word' id='word_1_152' title='bbox 730 3494 923 3568; x_wconf 87' lang='lat' dir='ltr'>bonitatem</span> <span class='ocrx_word' id='word_1_153' title='bbox 951 3490 1061 3577; x_wconf 88' lang='lat' dir='ltr'>illam,</span> 
     </span>
     <span class='ocr_line' id='line_1_23' title="bbox 79 3635 1065 3740; baseline -0.017 -11"><span class='ocrx_word' id='word_1_154' title='bbox 79 3655 275 3740; x_wconf 84' lang='lat' dir='ltr'>eandorem,</span> <span class='ocrx_word' id='word_1_155' title='bbox 300 3667 336 3725; x_wconf 86' lang='lat' dir='ltr'>et</span> <span class='ocrx_word' id='word_1_156' title='bbox 355 3646 621 3732; x_wconf 87' lang='lat' dir='ltr'>humanitatem,</span> <span class='ocrx_word' id='word_1_157' title='bbox 647 3643 682 3717; x_wconf 88' lang='lat' dir='ltr'>ni</span> <span class='ocrx_word' id='word_1_158' title='bbox 699 3642 789 3717; x_wconf 84' lang='lat' dir='ltr'>illius</span> <span class='ocrx_word' id='word_1_159' title='bbox 807 3638 982 3717; x_wconf 87' lang='lat' dir='ltr'>modestiae</span> <span class='ocrx_word' id='word_1_160' title='bbox 998 3635 1065 3712; x_wconf 89' lang='lat' dir='ltr'>dis·</span> 
     </span>
     <span class='ocr_line' id='line_1_24' title="bbox 84 3758 853 3899; baseline -0.01 -26"><span class='ocrx_word' id='word_1_161' title='bbox 84 3800 247 3899; x_wconf 80' lang='lat' dir='ltr'>pliterem,</span> <span class='ocrx_word' id='word_1_162' title='bbox 272 3797 331 3873; x_wconf 86' lang='lat' dir='ltr'>cui</span> <span class='ocrx_word' id='word_1_163' title='bbox 348 3819 427 3871; x_wconf 89' lang='lat' dir='ltr'>mea</span> <span class='ocrx_word' id='word_1_164' title='bbox 441 3795 557 3869; x_wconf 91' lang='lat' dir='ltr'>omnia</span> <span class='ocrx_word' id='word_1_165' title='bbox 572 3758 719 3894; x_wconf 86' lang='lat' dir='ltr'>probare</span> <span class='ocrx_word' id='word_1_166' title='bbox 735 3781 853 3867; x_wconf 85' lang='lat' dir='ltr'>velim.</span> 
     </span>
    </p>
   </div>
   <div class='ocr_carea' id='block_1_5' title="bbox 127 3938 1064 4183">
    <p class='ocr_par' dir='ltr' id='par_1_8' title="bbox 127 3938 1064 4183">
     <span class='ocr_line' id='line_1_25' title="bbox 127 3938 1064 4031; baseline -0.009 -10"><span class='ocrx_word' id='word_1_167' title='bbox 127 3947 201 4027; x_wconf 82' lang='lat' dir='ltr'>Vll.</span> <span class='ocrx_word' id='word_1_168' title='bbox 227 3949 307 4026; x_wconf 84' lang='lat' dir='ltr'>Hts</span> <span class='ocrx_word' id='word_1_169' title='bbox 321 3970 506 4025; x_wconf 75' lang='lat' dir='ltr'>suasinus</span> <span class='ocrx_word' id='word_1_170' title='bbox 520 3945 654 4021; x_wconf 87' lang='lat' dir='ltr'>accedit</span> <span class='ocrx_word' id='word_1_171' title='bbox 667 3943 777 4021; x_wconf 85' lang='lat' dir='ltr'>nostra</span> <span class='ocrx_word' id='word_1_172' title='bbox 791 3938 980 4031; x_wconf 88' lang='lat' dir='ltr'>adnotatio,</span> <span class='ocrx_word' id='word_1_173' title='bbox 1001 3963 1064 4014; x_wconf 90' lang='lat' dir='ltr'>cu·</span> 
     </span>
     <span class='ocr_line' id='line_1_26' title="bbox 1003 4109 1063 4183; baseline 0 -24"><span class='ocrx_word' id='word_1_174' title='bbox 1003 4109 1063 4183; x_wconf 81' lang='lat' dir='ltr'>Jus</span> 
     </span>
    </p>
   </div>
   <div class='ocr_carea' id='block_1_6' title="bbox 0 0 1295 4784">
    <p class='ocr_par' dir='ltr' id='par_1_9' title="bbox 0 0 1295 4784">
     <span class='ocr_line' id='line_1_27' title="bbox 0 0 1295 4784; baseline 0 0"><span class='ocrx_word' id='word_1_175' title='bbox 0 0 1295 4784; x_wconf 95' lang='lat' dir='ltr'> </span> 
     </span>
    </p>
   </div>
  </div>
 </body>
</html>
