2550 4784
161 362 232 439 130
315 325 761 410 Mrscnnnnnnn
794 330 1066 420 cumen

155 513 426 613 habebantapud
446 534 496 589 tot
514 514 694 610 potestates,
720 530 758 588 ut
783 515 825 589 Ε.
844 516 914 614 effer
929 516 1028 592 breve
1041 532 1131 611 etpre·

153 645 289 721 Mure.
326 640 356 715 1.
382 655 489 712 aurem
515 638 638 737 longum
663 640 882 738 quodammodo
901 645 1016 736 sonat,
1039 658 1127 717 cert

151 770 202 846 Ε.
214 784 245 871 et
262 768 291 842 I.
298 767 446 865 juellum
462 763 514 857 est.
565 766 614 838 Et
628 765 675 839 0.
690 766 842 856 streiliter
855 790 975 868 quoque
999 769 1122 868 eunde

151 918 249 970 urum
273 894 411 980 brevem,
436 907 467 964 er
495 890 576 964 idere
594 889 720 986 feceret
742 890 868 987 longam
882 894 1047 988 ffllaborn,
1062 914 1118 992 prr·

150 1038 240 1097 terea
268 1023 453 1116 exprimeret
467 1037 590 1102 urcem,
612 1041 681 1114 quae
704 1013 792 1111 apud
815 1039 866 1088 eos
884 1036 948 1113 per
972 1021 1019 1096 0.
1040 1017 1114 1095 etU.

146 1150 297 1242 scribitur
312 1162 383 1233 ot,
396 1138 447 1234 fic
456 1139 549 1238 apud
570 1162 624 1214 rut
644 1164 758 1238 quoque
774 1141 817 1214 E.
835 1158 868 1214 er
882 1143 931 1216 0.
949 1142 1065 1220 roridee
1074 1161 1112 1238 tr-

148 1272 274 1367 testarer
289 1271 458 1359 habebunt,
484 1283 515 1340 et
530 1264 662 1361 easdem,
686 1291 762 1364 quus
777 1266 864 1362 apud
877 1267 1015 1342 Graecus.
1057 1268 1113 1340 rn

147 1390 283 1470 festosr
307 1394 342 1466 in
365 1390 418 1466 his
445 1387 652 1464 sententiam
675 1390 739 1464 fibi
762 1390 979 1465 constantem
1001 1410 1112 1489 quent.

146 1517 270 1594 frustra
291 1540 328 1590 es
341 1556 352 1603 ς
379 1512 706 1613 segrummaticam,
735 1514 956 1589 tantundem.
1005 1515 1041 1589 st
1056 1534 1112 1589 tutu

148 1644 225 1718 viro
254 1621 384 1717 eoum
419 1641 614 1715 erumnae
643 1639 768 1714 statuas
795 1640 840 1714 ue
869 1641 904 1715 E
936 1641 1056 1715 uraeco
1078 1635 1116 1711 ue

148 1794 266 1871 agere,
291 1767 474 1843 exordium
492 1765 596 1854 istud,
622 1764 734 1856 Nostri
749 1767 867 1840 [ariri
880 1791 950 1841 curn
967 1767 1119 1842 urrisu·
1146 1792 1148 1813 ¹

146 1910 261 1968 rentur
282 1914 359 1991 quas
382 1916 405 1961 a
430 1889 550 1965 Grecis
574 1908 771 1985 acceperant,
798 1909 871 1964 turn
896 1894 964 1965 erit
989 1892 1146 2003 ineptun‘

147 2041 257 2114 quam
275 2014 373 2112 quod
389 2012 652 2113 ineptiffimum.
703 2016 765 2088 Sin
781 2015 900 2091 locum
922 2016 1015 2104 cjrca
1027 2014 1131 2117 Eur..

147 2141 214 2216 tini
232 2139 437 2239 potestatem
459 2136 709 2227 versarium,
733 2140 832 2238 quod
850 2159 886 2214 et
909 2141 989 2215 veri
1012 2139 1122 2217 videm

145 2268 302 2356 fimilius,
328 2265 516 2364 posteriora
539 2287 610 2339 non
633 2265 681 2337 ita
696 2285 931 2363 congruenter
946 2267 1119 2365 procedent.

144 2395 259 2468 Nullo
276 2391 420 2490 quidem
438 2388 580 2487 negotio
596 2388 645 2461 ita
660 2389 837 2464 immutari
852 2393 988 2489 pnlsent
1004 2411 1042 2466 ut
1053 2408 1121 2488 prt-

144 2518 351 2594 cedentibus
376 2515 444 2589 hoc
466 2511 560 2589 sensu
586 2515 737 2612 acceptis
763 2521 1000 2594 convenirent.
1046 2507 1119 2591 Mihi

142 2664 227 2714 vero
242 2637 322 2745 satie
337 2638 499 2737 estquod
516 2639 584 2714 loci
601 2659 674 2713 turn
692 2643 747 2716 vel
765 2640 876 2717 futilis
892 2646 952 2719 vel
968 2636 1118 2743 depravati

22 2758 25 2765 ’
143 2762 241 2837 nulla
261 2760 300 2834 fit
322 2762 517 2836 audoritas.
569 2763 678 2862 Quod
701 2785 819 2838 autem
840 2765 884 2838 ad
910 2768 1117 2866 inscriptiones

142 2910 229 2985 quas
252 2886 372 2960 laudet
394 2885 447 2961 vir
468 2887 598 2962 doctiss.
625 2890 747 2985 Sigeum
770 2909 807 2965 et
824 2889 989 2965 Deliacam
1008 2891 1113 2968 eruut.

141 3010 187 3085 de
199 3011 241 3085 iis
254 3013 340 3112 quid
352 3011 575 3087 statuendum
588 3012 770 3087 sentiamus
776 3011 852 3110 jam
862 3016 965 3114 supra
976 3019 1113 3092 diximu-

193 3137 261 3210 Sed
278 3138 433 3211 alterum
443 3161 548 3234 porro
565 3138 617 3213 vir
633 3139 776 3236 quidam
801 3142 961 3216 eruditus
986 3156 1114 3242 quocum

140 3259 227 3334 mihi
251 3258 293 3333 lis
318 3261 501 3337 interceffit
524 3262 587 3334 viri
612 3263 741 3338 doetiss.
767 3288 1019 3361 argumentum
1044 3259 1117 3361 adju·

139 3403 240 3458 turus
256 3406 302 3455 ex
317 3387 475 3459 Viuorino
491 3386 611 3513 loqum
630 3390 784 3477 adducit,
812 3416 892 3486 pag.
914 3417 973 3490 30.
999 3389 1117 3486 'defig-

139 3506 343 3601 nrfitaverant
362 3511 456 3602 prt‘rtr
484 3498 577 3608 quum
604 3516 725 3586 Grecis
749 3519 832 3586 inter
857 3517 985 3589 vocales
1009 3528 1123 3615 reperte

129 3629 207 3726 sunt
223 3646 267 3706 H.
283 3643 320 3703 tt.
331 3645 379 3721 Ω,
403 3634 624 3729 victutearum
647 3652 713 3709 tam
736 3638 824 3731 apud
840 3638 923 3726 illos,
948 3665 1042 3739 quarn
1055 3633 1127 3737 apud

137 3775 192 3826 nos
205 3748 328 3850 rtpltffc
343 3766 379 3827 E.
394 3766 428 3826 tt
444 3769 497 3828 0:
523 3771 563 3828 0.
581 3761 678 3830 etiam
689 3759 789 3854 scribi
803 3760 932 3855 solitam
943 3782 1007 3858 pro
1014 3764 1129 3860 fflltht

136 3893 205 3953 οτ.
230 3879 264 3952 E
281 3900 400 3987 autern
417 3903 482 3979 pro
498 3879 531 3953 E
547 3901 584 3953 et
602 3897 724 3957 ΙΩΤΑ.
776 3888 900 3983 Atque
918 3888 976 3962 hic
992 3890 1133 3988 quidem

137 4022 211 4081 non
225 4001 275 4079 est
290 4019 333 4079 ut
347 4002 402 4080 vir
416 4004 574 4083 eruditus
600 4007 794 4105 quidquam
819 4011 1053 4091 immutatum
1075 4040 1136 4115 op·

1076 4153 1136 4222 tet,
