2550 4784
473 275 666 406 (vr

10 544 12 557 ·
75 490 251 582 protulerit,
277 487 399 590 objicit
414 477 590 596 'Trygaeos
614 515 736 567 vocem
758 490 855 568 istam
878 493 944 568 effe
964 490 1050 571 tont-

10 594 13 645 Ξ
81 628 156 692 ‘tna
177 621 315 692 Chorus
332 627 449 691 autem
467 619 514 691 ita
529 617 722 714 respondet,
750 636 790 691 ut
808 620 965 695 ‘consulto
976 618 1050 717 joci

84 729 161 815 fotius
177 742 273 816 causa
293 765 371 815 eam
397 767 416 815 a
440 741 473 816 se
499 743 695 840 usurpatam
718 742 889 841 suggerat.
940 746 1051 818 Unde

10 838 16 949 [t
84 866 187 964 otigo
202 867 365 939 roncum
380 878 473 941 0w1
493 867 625 939 homini
647 868 770 939 Attico
788 870 871 941 seno
887 868 1051 944 nituere

10 1004 16 1025 '
81 1011 133 1064 non
147 994 287 1084 licuisse.
318 991 463 1087 Alioqui
480 991 574 1064 enim
590 988 777 1088 objediioni
793 1016 813 1064 a
829 991 987 1091 Trygaeo
1002 993 1051 1067 al·
1086 1052 1091 1059 .
1120 1053 1123 1059 .
1143 1045 1148 1052 ·

74 1114 139 1193 latae
153 1119 274 1191 nullus
289 1114 404 1191 fuisset
421 1116 527 1190 locus.

108 1368 202 1441 Haee
216 1383 337 1440 autem
358 1363 402 1437 de
427 1362 512 1436 meis
537 1380 609 1437 tam
630 1363 782 1461 ingenue
804 1365 896 1440 dieta
918 1370 1049 1464 (neque

36 1495 151 1568 >enim
180 1504 304 1565 eo'runr
330 1488 523 1586 quidquam
553 1488 598 1561 ab
626 1468 692 1561 alio
719 1491 843 1585 quovis
873 1487 1050 1585 obiedium

59 1616 228 1714 cognovi)
256 1612 386 1689 facient
411 1612 537 1710 opinor
565 1634 605 1685 ut
631 1615 900 1713 quotiescunque
925 1641 947 1689 a
969 1615 1051 1689 viris

56 1735 510 1824 eruditiffimis-diffentiam,
528 1754 633 1835 atque
649 1761 769 1812 eorum
786 1739 908 1813 itidem
926 1740 1052 1836 (verbo

59 1863 146 1938 absit
172 1861 322 1952 invidia)
351 1883 482 1934 errores
510 1883 715 1958 coarguam
746 1864 782 1935 id
810 1886 880 1936 non
904 1861 975 1959 jam
1006 1866 1052 1937 de

59 2012 182 2060 eorum
210 1984 373 2059 laudibus
402 1984 606 2079 derogandi,
640 1987 697 2057 sed
726 2010 820 2059 verae
846 1986 1050 2060 eruditionis

59 2110 261 2185 excoleodae
277 2109 388 2184 studio
405 2108 506 2181 unice
523 2108 596 2180 fieri
613 2107 781 2180 videatur.

107 2357 156 2431 At
170 2351 280 2454 quidni
295 2350 530 2451 Metaph'rasrn
554 2370 615 2447 pro
637 2356 829 2425 accuratiori
848 2376 940 2451 quam
963 2353 1053 2427 hodie

52 2502 124 2577 prae
138 2497 171 2554 te
178 2479 253 2576 sert
268 2479 381 2575 lingue
391 2477 643 2574 praestantiffimae
661 2482 828 2573 cognitione
847 2477 1052 2575 refingendam

58 2612 138 2678 inte
151 2606 318 2699 recipias?
343 2603 547 2700 Reciperem
563 2603 650 2690 sane,
676 2602 711 2675 ni
736 2603 861 2692 otium,
886 2628 958 2701 quo
980 2628 1050 2678 non

57 2727 108 2801 ita
123 2726 265 2801 abunde
280 2744 374 2815 utor,
392 2726 427 2799 in
443 2725 676 2800 emaculandis
693 2747 852 2799 veterum
869 2747 1051 2824 poetarum

57 2852 224 2948 operibus
241 2850 352 2946 magis
374 2874 394 2923 e
416 2874 451 2923 te
474 2851 620 2925 literaria
643 2847 729 2923 mihi
747 2851 878 2923 viderer
893 2853 1051 2924 conloca·

58 2998 172 3048 turus.
224 2975 340 3046 Immo
365 2995 588 3071 recepturum
613 2998 668 3046 me
693 2975 866 3070 polliceor,
893 2976 1053 3050 fierudi-

58 3117 176 3172 torum
196 3118 340 3194 gentem
358 3122 497 3171 meeum
519 3120 587 3171 non
611 3095 730 3169 itidem
745 3095 874 3195 Tentire
897 3099 1053 3172 intellex-

58 3246 129 3294 ero.
183 3220 372 3297 Sciendum
395 3223 444 3297 est
467 3226 604 3319 utique,
629 3222 652 3294 fi
677 3224 774 3316 cujus
799 3220 888 3296 forte
911 3223 947 3296 id
971 3224 1054 3296 scire

59 3347 206 3433 interfit,
233 3365 415 3441 poetarum
441 3371 498 3419 me
526 3345 741 3433 Atticorum,
766 3347 817 3419 uti
842 3368 878 3420 et
900 3348 1053 3421 Homeri

59 3471 272 3567 Pindarique
286 3472 477 3545 editionem
493 3470 624 3554 moliri,
642 3471 686 3542 ab
695 3449 942 3569 Aristophane,
955 3470 1053 3567 cujus

59 3602 162 3669 unius
188 3597 225 3668 in
250 3596 379 3693 scriptis
400 3597 474 3669 lota
492 3613 532 3666 ut
550 3593 735 3667 minimum
754 3595 807 3668 bis
824 3595 919 3668 mille
935 3619 1054 3666 emen·

58 3720 203 3792 daturus
222 3717 309 3791 mihi
324 3718 455 3809 videor,
483 3720 578 3792 brevi
596 3719 807 3794 exorsurum.
859 3720 913 3792 Ea
934 3739 1052 3793 autem

58 3845 94 3917 in
111 3842 293 3942 provincia
317 3842 581 3916 administranda
603 3843 689 3941 quid
715 3844 856 3917 tandem
879 3869 898 3917 a
922 3867 978 3916 me
1002 3842 1055 3916 fas

59 3966 99 4039 [ιε
113 3965 314 4066 expedtare,
334 3994 476 4063 otranno
492 3985 635 4041 utentur
655 3968 780 4045 eruditi
802 3965 961 4066 subjedtis
985 3967 1054 4039 stu·

915 4092 1054 4164 diorum
