2550 4784
139 347 186 422 ,ο
261 320 709 397 MiscuLLAuEA
746 321 1030 402 cumen

137 507 172 579 in
191 526 312 603 quarta
328 504 406 576 sede
423 503 531 575 iambi
547 500 626 579 loco
643 503 742 574 venit
758 504 993 601 pyrrhichius.
1026 508 1127 582 Verba

137 633 172 704 in
191 632 278 702 duos
295 630 462 702 dimetros
479 626 584 701 divisa
600 631 781 725 oportuit:

332 792 388 866 Ar
401 794 456 866 boe
471 759 624 867 dinetron
634 795 795 890 perspicis,

333 922 467 1021 Amore
485 919 679 1017 perculsum
697 919 812 1016 gravi.

138 1095 341 1196 cujusmodi
359 1098 486 1197 estqui
503 1098 671 1170 continuo
688 1097 851 1194 sequitur,

333 1259 483 1358 Sernelque
500 1272 530 1330 et
544 1255 769 1354 istndfuniiur
785 1258 836 1353 est.

137 1444 315 1514 Caeterum
337 1441 393 1513 hic
416 1440 595 1514 obstruere
612 1441 697 1513 libet
720 1440 909 1528 licentiam,
933 1464 1005 1538 que
1023 1439 1104 1514 utitur

137 1566 345 1637 Terentianus
359 1565 499 1639 iambici
515 1566 655 1639 dimetri
672 1563 708 1636 in
722 1565 803 1648 fine,
820 1586 993 1663 quatenus
1007 1566 1107 1640 seilicet

136 1690 301 1786 syllabam
318 1691 366 1764 ibi
385 1692 526 1764 brevem
544 1691 708 1786 producit
725 1712 845 1763 avoce
867 1689 1030 1789 sequente
1044 1710 1112 1763 neu·

138 1816 273 1912 tiquam
299 1815 465 1911 adjutam,
490 1836 610 1916 poetas
625 1815 769 1888 Graecos
787 1838 969 1913 uunquam
984 1814 1116 1912 fibiper·

139 1941 268 2014 misisse.
321 1941 383 2013 Ab
406 1941 504 2015 omni
527 1940 633 2013 etiam
660 1939 799 2011 licentia
824 1941 933 2015 iidem
963 1959 1118 2039 temper?

139 2065 224 2136 bant
237 2064 271 2136 in
285 2064 444 2139 dimetris
457 2074 579 2164 (prout
585 2062 661 2162 jun
672 2065 809 2137 dudum
824 2064 995 2163 dispertiri
1007 2062 1116 2150 solent)

137 2213 221 2263 cum
247 2190 460 2290 anapaesticis
483 2211 560 2267 tum
585 2189 776 2263 trochaicis.
826 2190 974 2289 Nempe
990 2183 1115 2263 dimetri

137 2312 371 2415 cujuscunque
394 2316 530 2413 generis
556 2313 725 2387 continuo
743 2318 896 2391 carmine
918 2339 981 2412 per
996 2343 1120 2404 remen

135 2441 339 2527 decurrunt,
357 2439 462 2534 usque
479 2438 565 2511 dum
582 2438 626 2512 ad
644 2437 777 2513 versum
794 2441 1047 2529 cataleiiicum,
1060 2461 1125 2538 quo

136 2589 242 2637 omne
261 2563 403 2659 systema
419 2563 611 2651 claudatur,
636 2563 827 2637 deventum
845 2564 896 2639 fle
928 2564 1038 2639 Hanc
1053 2600 1127 2641 enre-

136 2717 212 2775 nuee
238 2689 274 2759 in
301 2687 512 2783 anapaesticis
537 2682 656 2761 locum
682 2689 809 2763 habere
834 2688 967 2786 primus
995 2690 1132 2776 docuit,

138 2836 208 2884 non
220 2807 308 2909 jam,
334 2813 385 2886 uti
404 2811 472 2910 ipse
494 2813 539 2886 ad
554 2813 638 2886 Hor.
654 2816 770 2889 Caren.
790 2812 854 2888 ΙΙΙ.
877 2838 932 2887 12.
955 2840 984 2888 ι.
1004 2814 1133 2888 affere-

136 2956 201 3024 rat‚
227 2937 282 3010 cl.
301 2936 472 3025 Bentleius,
497 2938 553 3011 sed
569 2938 782 3013 Terentianus.
835 2941 868 3014 Is
895 2941 1019 3039 utique
1050 2964 1134 3039 pag.

137 3066 197 3156 58.
217 3061 291 3134 haec
309 3062 433 3137 habet:

185 3225 236 3284 An
251 3241 382 3286 neum:
398 3225 502 3285 autern
518 3217 572 3283 cui
584 3235 693 3283 nemen
708 3211 888 3288 indiderunt

185 3340 226 3409 In
242 3339 411 3427 neminestc
425 3338 465 3431 est
480 3341 643 3430 Jiinieie:
668 3352 790 3411 metron
804 3350 909 3412 artene

184 3458 264 3534 Nen
281 3461 413 3554 uerstbes
427 3459 509 3554 istud
520 3483 645 3533 numero
661 3477 720 3534 aur
730 3461 847 3559 peden
865 3466 1027 3538 corruam
1042 3496 1057 3549 ς

183 3584 246 3659 Sed
259 3589 401 3658 continno
416 3590 563 3675 carmine,
586 3591 660 3686 quia
670 3587 763 3683 pedes
773 3587 898 3686 gemelli

184 3716 303 3810 Urgent
318 3711 462 3784 brevibus
476 3726 526 3808 tot
542 3736 667 3786 euenere
670 3714 816 3812 juganda
831 3713 962 3813 uirgas:

184 3835 301 3911 Idcirco
315 3839 430 3910 vocari
443 3837 610 3915 velerum
625 3866 776 3929 σνναφωιν,

183 3959 496 4058 Anapaesticafinrr
510 3961 620 4038 niden
628 3981 692 4064 per
707 3989 856 4051 aarum.

868 4158 872 4169 .
988 4099 1138 4181 Eodem
