2550 4784
506 345 714 467 Μαι)

118 542 221 623 ionica
249 522 534 645 permiscereturr
570 549 622 624 uri
653 550 759 626 Ionica
784 551 903 644 etiam,
941 578 1035 636 nunc
1069 559 1106 640 in

118 670 274 746 Atticam
304 670 452 762 incesta,
489 694 572 747 cum
599 682 830 823 creterrarum
858 686 1112 765 commercium

118 792 274 870 haberet

163 919 300 994 Verum
317 917 393 995 haec
408 914 635 997 diareuorum
659 922 851 1002 mrem
874 944 909 1003 et
932 914 1111 1011 loricarum

118 1044 263 1121 finitas
280 1067 350 1120 non
366 1046 483 1143 potuit
498 1047 584 1145 quin
600 1048 898 1140 confirmareturst
892 1077 976 1128 cum
992 1058 1111 1157 postea

118 1164 223 1245 binas
242 1169 401 1289 regiona
423 1169 591 1244 Afiaticaa
613 1172 688 1247 duo
710 1171 770 1248 illi
765 1175 911 1274 ¹¹popuii
907 1179 1112 1268 incolebant
1239 1201 1255 1225 ·'

118 1288 279 1434 proxime
303 1318 325 1368 a
349 1293 382 1368 se
406 1294 485 1394 ipfir
509 1294 682 1372 distanter.
732 1300 821 1374 Irnrr
841 1320 959 1378 autem
981 1304 1112 1401 (adhuc

118 1418 215 1494 enim
238 1417 274 1493 in
286 1420 410 1494 Attica
426 1436 555 1495 nomen
578 1419 678 1495 suurn
693 1420 884 1514 seruabant,
907 1426 994 1502 Iones
1007 1429 1113 1505 Attici

118 1542 217 1632 diui,
240 1563 281 1616 ut
303 1542 400 1632 illi,
390 1544 452 1642 qui
474 1541 510 1616 in
534 1543 747 1643 Peloponeso
763 1570 846 1622 cum
863 1549 1005 1635 Achaeis
1022 1553 1112 1629 misti
1224 1632 1227 1637 ,

118 1667 303 1771 restabam,
330 1667 419 1740 Iones
442 1646 654 1766 Egialensea)
683 1670 744 1743 diu
770 1673 864 1770 apud
889 1673 1016 1749 Atticos
1039 1698 1120 1751 ma:

118 1791 261 1878 nebant,
291 1789 423 1888 quibua·
454 1791 565 1865 amice
594 1792 632 1865 e't
661 1791 875 1870 familiariter
900 1798 1113 1876 utebantur:

118 1911 168 1989 ita
182 1931 225 1988 ut
242 1915 386 1988 miratus
411 1911 516 1988 fueris
538 1914 578 1987 ‘ni
603 1912 808 2016 plerumque
824 1915 979 2018 ipsorum
992 1920 1114 2020 lingua

119 2038 165 2114 ed
180 2030 327 2114 Atticam
344 2039 487 2136 propius
504 2058 614 2136 quam
629 2041 672 2114 ad
689 2020 838 2122 AEilicam
854 2045 1034 2122 accefl'erit.

167 2165 265 2238 Cum
282 2186 365 2237 vero
381 2163 501 2237 incolis
518 2165 658 2239 tandem
676 2166 797 2240 Attica
813 2169 1026 2263 abundabat,
1039 2172 1116 2248 Ne·

118 2285 195 2365 leus
211 2285 399 2385 imperium
416 2288 549 2361 Atticae
565 2288 731 2362 Medouti
747 2291 873 2367 cedem
889 2290 999 2384 fiatri,
1020 2320 1116 2396 mag.

119 2426 203 2487 uam
220 2414 331 2487 unm
347 2432 482 2508 partem
499 2414 533 2484 in
552 2411 671 2485 Asiam
686 2412 849 2504 deduxit,
871 2437 907 2490 et
925 2419 1115 2517 regionem,

120 2560 192 2637 qua
219 2535 269 2610 sui
298 2535 506 2623 defiderunt,
537 2535 672 2611 Ioniam
697 2539 849 2613 vocavit.
898 2538 1043 2613 Etuon
1059 2536 1117 2615 'ita‘

119 2658 232 2760 longo
255 2659 333 2758 post
359 2681 405 2734 ex
430 2659 574 2733 Achaeia
598 2660 703 2734 etiam
731 2662 867 2737 colonia
895 2666 932 2737 in
964 2663 1115 2740 vicinam

119 2764 216 2860 Arae
240 2802 375 2883 partem
402 2782 579 2881 migravit,
602 2806 710 2882 quam
727 2786 855 2860 deinde
870 2783 1017 2873 AEoliam,
1041 2786 1117 2886 post

120 2909 252 2985 Acbari
267 2908 317 2982 sui
333 2931 437 2982 arum
454 2924 633 2982 vocarunt.
665 2907 845 2982 Dialestus
861 2928 980 2982 autem
996 2910 1114 3000 Ionica,
1249 2900 1252 2918 ²

118 3033 260 3111 forum
287 3030 545 3108 familiariffimo
574 3030 777 3105 Atticorum
806 3031 1018 3108 commercio
1046 3049 1116 3107 nou
1180 3031 1184 3039 “

118 3182 249 3260 parum
267 3158 390 3232 melior
410 3153 514 3244 facia,
540 3154 637 3229 brevi
662 3154 749 3230 adeo
763 3157 933 3230 exculta*
949 3153 1049 3230 fuiffe
1063 3156 1117 3231 vi·

161 3378 183 3416 ⁹
203 3378 297 3439 Brm'
315 3378 377 3436 eder
395 3370 513 3449 multa]
540 3371 607 3433 Hoc
625 3370 731 3433 facium
748 3369 831 3433 fuisse
847 3368 997 3452 probabile
1017 3369 1119 3432 admo·

118 3474 194 3539 dum
222 3470 345 3533 viderur.
394 3469 593 3552 Migraveruut
619 3466 707 3529 Iouer·
729 3468 884 3529 secuudum
910 3468 1032 3529 Mamor
1056 3468 1118 3527 Pa·

118 3577 203 3640 rim,
223 3567 309 3628 Auno
322 3581 387 3626 aure
400 3567 436 3626 C.
455 3583 543 3645 1077.
579 3566 722 3625 Homerus
738 3564 890 3624 secuudum
903 3563 981 3624 idem
994 3581 1117 3622 marmor

118 3662 222 3728 uouit
233 3681 310 3725 euno
321 3681 393 3743 907.
415 3663 537 3741 Jamque
549 3676 606 3720 uon
619 3658 808 3720 dubitandum
823 3658 872 3728 est,
883 3658 955 3736 quiu
968 3653 1053 3714 multi
1064 3672 1117 3714 ex·
1117 3678 1123 3688 ·

118 3760 234 3825 rimiae
247 3757 315 3820 boui
330 3757 475 3838 scriptores
487 3771 554 3818 aure
567 3756 726 3839 Homerum
728 3768 860 3834 ‚poetam
871 3752 977 3831 quippe
991 3747 1119 3812 numerio

118 3853 258 3923 omuibus
271 3873 344 3935 pene
355 3850 529 3922 absolutum,
547 3867 584 3910 ex
595 3847 699 3929 quibua
712 3844 896 3958 scriptoribus
914 3843 1117 3905 nonnullorum

118 3966 189 4015 arar
204 3948 243 4011 ad
254 3949 455 4032 migrationem
467 3943 547 4007 illam
562 3941 648 4025 usque
661 3940 790 4022 proxime
804 3941 900 4003 redeat
913 3928 1018 4001 neceffe'
1029 3936 1076 3996 est.

574 4049 609 4127 Ε
623 4072 644 4124 e
659 4071 680 4123 e
999 4043 1116 4129 detur,
