2550 4784
123 385 234 442 usou.
253 385 338 439 srva
357 361 841 444 Ausnrn.Van1aruaa.
887 387 958 467 149

118 573 143 623 n
161 546 228 619 luci
247 545 339 619 istius
357 561 397 618 Ζ.
415 570 501 644 479,

118 729 120 739 ,
136 721 203 763 narr
219 722 260 764 m
275 695 340 760 r'rnu
357 693 384 729 ‘⁸
403 719 497 772 meere
513 696 585 779 tta
603 708 694 761 antaee
708 687 839 781 anterus’

120 841 228 907 πολιμυ
244 845 498 888 atrurn—-

118 938 257 1048 omnes,¹
278 979 451 1056 quantum
468 958 584 1049 sciam,
609 956 767 1054 syntaxis.
818 960 961 1059 Nempe

122 1104 241 1159 tantur
257 1109 294 1157 ac
320 1084 345 1156 s1
362 1086 509 1157 verbum
533 1101 592 1159 enar
607 1087 664 1157 vel
681 1086 790 1159 sunile
815 1111 884 1159 non
911 1089 962 1161 in,

118 1211 155 1282 se
182 1207 353 1280 subaudiri
379 1209 489 1304 posset
517 1233 589 1311 quo
619 1207 801 1283 referretur
826 1214 961 1285 accusa·

119 1362 207 1409 oeae:
234 1349 266 1405 et
281 1333 355 1405 olim
370 1335 439 1439 quis
455 1332 536 1405 dicet
561 1341 585 1377 ‘⁸
597 1348 696 1437 patre
706 1358 785 1408 vero
801 1335 852 1408 bic
869 1336 964 1410 multo

118 1460 211 1532 reiae’
228 1477 383 1556 expugna
399 1458 569 1532 redeuntem
585 1458 811 1559 conspicatus.
860 1462 891 1534 F
894 1461 963 1535 rus-

118 1585 180 1656 'arn
206 1583 308 1680 plena
331 1603 434 1681 atque
458 1581 591 1679 integra
611 1582 659 1655 est
678 1583 801 1673 orati03
826 1584 887 1657 ista
902 1609 963 1659 au·

118 1707 295 1788 tstrusliot
321 1727 374 1780 Kae
396 1740 462 1784 rerer
482 1743 522 1784 nr
545 1740 574 1783 ue
593 1736 699 1802 uenena
721 1741 826 1783 urum
849 1715 963 1781 stau-

126 1837 194 1929 quis
222 1832 266 1904 de
294 1855 336 1903 eo
360 1856 397 1904 ex
418 1850 528 1929 pugna
554 1831 696 1906 redeunte
723 1831 794 1929 [vel
821 1833 963 1937 reuerso]

118 1957 173 2030 :ui
192 1956 432 2028 constructioni
448 1956 596 2053 gemella
611 1954 657 2030 est
674 1981 755 2055 quae
771 1955 865 2055 apud
881 1954 964 2031 Pitt-

120 2099 196 2153 xtat
213 2081 355 2178 Olymp.
375 2080 475 2153 XIV.
496 2102 553 2175 3¹·

169 2239 460 2315 ——ztredteuer
475 2249 521 2319 οφρ
536 2235 608 2296 elbre-

172 2360 275 2419 rtou
294 2360 454 2432 nrnurr,
479 2356 517 2421 ru
533 2359 556 2419 a
572 2378 632 2421 nu
646 2344 716 2419 &a
752 2362 755 2367 ·

118 2516 168 2563 rem
189 2509 224 2564 ret
246 2494 413 2590 conspicata
434 2494 478 2566 de
501 2494 573 2567 filio
595 2491 815 2585 dicas—Ubi
836 2491 861 2563 st
882 2505 966 2566 antee

118 2615 216 2688 :idern
237 2615 456 2697 referendum
478 2617 651 2696 subaudiri
667 2616 868 2706 contendas,
894 2613 967 2687 bel·

118 2765 169 2819 un
195 2740 393 2847 sententiam
423 2741 638 2843 amplectaris
663 2744 792 2814 necesse
821 2740 892 2813 est:
919 2740 966 2810 Ut

120 2889 172 2936 um
201 2864 255 2960 [in
280 2866 395 2961 regnis
420 2866 629 2965 Proserpinae
653 2865 862 2957 versantem]
886 2886 968 2935 con·

125 2988 236 3080 filium
256 2992 355 3083 [aura
372 2991 520 3062 aetherea
537 2990 749 3088 vescentem]
777 2988 969 3085 conspicata

118 3110 284 3207 Adjiciam
302 3135 338 3187 et
354 3114 442 3188 illud
458 3115 682 3209 Aristophanis.
717 3114 816 3187 Nub.
841 3137 943 3218 ¹¹47·

125 3273 239 3346 tiana
255 3269 344 3328 TON
363 3270 477 3343 ΥΙΟΝ,
497 3294 518 3332 et
534 3263 668 3352 μῖμιθκκι
684 3289 730 3331 τον
744 3282 823 3349 λογον

127 3398 239 3466 Euenor,
266 3395 347 3468 ΕΙΦ,
372 3393 399 3455 ὃν
415 3417 504 3478 aanor
518 3417 663 3473 nonme.

118 3531 129 3600 i
154 3530 199 3600 de
224 3530 294 3602 filio
314 3530 384 3617 dic,
410 3545 517 3603 utrum
540 3531 902 3626 didicerit—Quem
928 3526 972 3600 ad

118 3656 160 3739 rin
177 3654 242 3726 esse
258 3654 488 3727 accusativum
505 3681 601 3729 more
613 3660 815 3730 Atticorum
831 3677 894 3750 pro
908 3674 972 3723 no·

118 3802 150 3850 ro
167 3777 316 3876 posrtum
333 3777 455 3853 frustra
473 3801 592 3854 monet
609 3782 663 3856 Cl.
683 3782 839 3874 Kusterus.

119 3902 176 3974 62.
203 3925 274 3999 Ωςτο
294 3933 367 3978 φολν
387 3936 491 3988 muter
510 3920 556 3997 usu
578 3905 711 3997 areg-⁴]
738 3903 838 3975 Idem
856 3898 971 3972 versus

118 4054 123 4100 ι
144 4030 293 4113 occurrit
315 4029 420 4113 etiarn
437 4044 476 4113 t,
496 4034 578 4106 288.
605 4028 768 4107 Rescribe
783 4027 971 4122 utrobique

860 4182 969 4248 ruputas
