2550 4784
186 335 243 411 lu
268 332 641 407 Tnuuumuuu
667 329 905 409 Msunuu.
1016 363 1059 434 3¹

41 511 207 589 Eodem
224 513 349 589 itidem
365 510 525 587 recidunt
541 534 622 607 quae
638 535 719 607 pag.
742 538 800 605 54.
818 513 996 611 legimus:

113 701 150 773 ls
169 699 236 772 erit
252 733 421 783 aramma
447 694 536 768 vides
550 709 623 794 quot
640 697 693 788 iste
701 714 758 791 pes
763 697 814 786 stt
830 713 1015 796 temporum.-

116 827 231 920 Versus
246 826 298 898 bic
315 842 496 923 nunquam
515 820 754 892 vacillat—
812 804 817 815 ⁴

78 998 200 1079 Monet
233 1002 379 1103 quidem
412 999 621 1109 Terentianus
649 954 893 1098 anauaestlcum
922 1006 1065 1104 systema

85 1121 198 1221 syllaba
212 1127 411 1203 catueuica
428 1150 498 1203 non
513 1126 648 1225 semper
665 1124 780 1199 claudi
795 1153 812 1199 :¹

132 1320 662 1367 ------’--
670 1308 857 1405 frequenter

10 1514 18 1522 ,
38 1510 41 1515 ,
137 1433 204 1506 Solet
218 1438 339 1532 integer
352 1432 528 1528 anapaessus-
541 1444 574 1505 et
588 1437 622 1505 in
630 1431 700 1522 fine
717 1431 841 1505 locari:
886 1498 889 1505 .

103 1617 208 1698 Verum
224 1626 302 1698 haec
319 1625 575 1733 observatioUde
592 1625 745 1701 versibus
762 1618 915 1717 numnis
932 1627 1068 1704 Latinis

104 1747 252 1837 praedicari
275 1748 400 1848 potest.
451 1750 626 1857 Caeterum
645 1776 716 1850 quo
735 1738 847 1848 inagis
865 1752 994 1825 mireris
1011 1758 1067 1828 Cl.

104 1862 244 1950 Beuum
268 1905 406 1975 aureum
430 1874 643 1973 unapaesticae
668 1877 837 1973 rationem
860 1877 1014 1975 primum
1038 1882 1070 1953 se

105 1990 221 2074 duum
237 1990 474 2099 profitentem,
488 1992 558 2098 lpse
574 2000 617 2073 ad
634 1992 785 2074 eundem
804 1998 937 2074 Hu'ratii
951 2004 1068 2077 locum

10 2176 23 2273 ι
103 2120 256 2203 suentiani
280 2128 326 2202 de
347 2144 478 2219 ωὶιφεᾳ
503 2124 617 2200 ionica
638 2125 754 2197 versus
780 2126 953 2202 laudavit:
981 2153 1070 2227 quos
1196 2149 1200 2158 ·

10 2272 23 2385 f
102 2246 139 2319 uti
151 2253 240 2324 vides
256 2251 425 2326 continuo
442 2250 596 2350 sequitur
612 2247 764 2347 ejusdem
790 2250 835 2322 de
859 2271 970 2325 metro
990 2278 1070 2326 ana-

10 2398 20 2477 '.
96 2372 215 2464 paestico
230 2376 398 2451 doslrina.
442 2374 600 2450 Similem
619 2393 737 2448 autem
754 2403 892 2462 curuum
909 2374 942 2446 in
960 2375 1071 2447 dime-

94 2497 144 2567 tris
158 2497 276 2573 itidem
293 2524 376 2574 cum
395 2501 552 2574 iambicis
570 2522 646 2575 tum
664 2496 846 2573 trochaicis
862 2499 957 2596 apud
975 2500 1075 2573 Grae-

86 2645 140 2695 cos
161 2648 281 2723 poetas
306 2647 513 2725 perpetuam
542 2627 676 2716 servari,
704 2650 765 2700 nos
783 2626 888 2723 primi
907 2626 1073 2700 monuisse

83 2745 249 2824 videmur.
300 2750 433 2825 Extant
459 2770 497 2824 et
519 2751 586 2825 alia
607 2751 679 2825 duo
704 2751 817 2843 (quod
839 2768 875 2823 et
892 2750 992 2822 nobis
1016 2751 1071 2823 iti-

75 2874 157 2949 dem
181 2876 303 2972 primis
328 2876 508 2953 observare
534 2876 699 2972 contigit)
725 2877 816 2970 apud
835 2875 1072 2970 Aristophanem

72 2998 237 3073 versuum
253 3025 392 3098 genera,
410 3024 563 3097 quorum
583 2999 714 3073 ultimis
730 2998 867 3096 syllabis
883 3001 976 3074 nulla
993 3024 1072 3098 per-

70 3125 172 3197 missa
188 3123 238 3196 est-
252 3125 390 3199 licentia
407 3146 641 3221 praeterquam
656 3125 690 3196 in
704 3121 853 3197 clausula
864 3127 1071 3199 catalesiica.

67 3249 219 3322 Horum
238 3269 357 3323 autem
377 3270 565 3347 utrumque
584 3251 627 3325 ad
646 3268 798 3323 metrum
822 3249 878 3320 vel
898 3248 1069 3356 choriam-

70 3377 197 3449 bicum
226 3377 281 3449 vel
311 3377 464 3448 ionicum
492 3376 586 3472 exigi
611 3376 744 3473 potest.
787 3375 910 3447 Prioris
932 3373 1070 3472 generis

66 3499 144 3571 duo
175 3499 269 3595 apud
298 3497 460 3595 Catullum¹
485 3501 636 3570 carmina
664 3499 840 3595 leguntur.
892 3501 1015 3596 Atque
1043 3501 1070 3570 is

66 3623 179 3695 etiam
196 3623 405 3697 Graecorum
423 3637 555 3721 auem
568 3626 611 3699 im
621 3624 751 3697 ultimis
764 3622 896 3718 syllabis
915 3623 1069 3696 servavit.

66 3751 113 3823 ln
130 3750 241 3824 altero
258 3751 404 3846 quidem
422 3752 585 3833 carmine,
612 3750 714 3842 Juliae
739 3750 864 3823 scilicet
888 3766 923 3818 et
946 3749 1069 3822 Manlii

62 3873 310 3972 epithalamio,
323 3873 460 3946 vesibus
476 3898 546 3968 235
559 3874 743 3959 constante,
758 3869 975 3968 repraesentat
986 3874 1071 3946 Edi·

48 3999 123 4087 ιῑίο
146 3998 305 4071 Cantabr.
328 3996 484 4097 quinque
511 3998 673 4073 adversus
704 3998 902 4070 ultimarum
930 3994 1071 4091 syllaba·

994 4147 1071 4194 rum
