2550 4784
545 299 752 458 (su)

127 544 260 630 unde,
275 558 317 615 ut
332 537 468 638 opinor,
487 535 786 626 31N02‚Veneris
799 535 987 635 impudicae
1000 565 1146 621 nomen:

135 693 227 766 quo
244 671 333 742 bene
350 664 540 762 appellatur
556 665 634 737 Dea
649 662 825 767 voluptatis
839 666 874 734 in
889 680 983 738 motu.
1023 667 1150 745 Cicero

131 796 194 868 ·In
209 809 293 868 motu
306 790 501 884 voluptatem
515 786 578 884 effe.
606 811 639 861 2.
659 789 703 861 de
721 787 751 860 F
753 789 799 860 in.
818 807 877 881 27.
926 786 1079 882 Vonpras
1104 793 1148 885 d

134 916 302 1018 jucundus
317 930 417 989 motus
440 916 475 985 in
488 910 592 1007 sensu.
618 913 663 986 de
680 911 757 985 Fin.
778 933 811 985 2.
829 933 888 1006 23.
937 913 1052 986 Omnes
1082 941 1148 1018 ma

147 1059 223 1123 enm
232 1038 414 1139 jucundum,
437 1062 497 1136 qno
505 1036 613 1133 sensus
629 1035 798 1124 hilaretur,
824 1036 933 1108 Graece
947 1048 1053 1126 imon,
1076 1042 1148 1117 La.

146 1173 215 1241 cine
241 1167 434 1260 volrtptatem
461 1177 587 1237 vocam.
611 1160 659 1234 L.
680 1181 713 1232 2.
734 1182 768 1255 3.
818 1160 870 1232 Sic
900 1163 977 1234 num
1008 1164 1150 1262 appellat

148 1292 234 1367 bone
248 1287 363 1363 dulcem
378 1292 412 1360 in
428 1303 523 1362 motu.

204 1416 244 1490 Ρ.
264 1417 367 1511 4η]
410 1414 605 1510 Digamma
636 1412 666 1485 F
698 1409 793 1484 sonat
827 1427 867 1482 ut
900 1411 1052 1486 nostrum
1085 1415 1149 1494 W.

150 1539 269 1614 Graeci
286 1536 492 1610 recentiores
510 1536 621 1609 literae
637 1536 816 1633 digamma
831 1536 953 1609 sonum
977 1562 1039 1636 per
1054 1578 1070 1615 s
1087 1562 1152 1614 no·
1232 1596 1234 1602 s

141 1664 286 1750 tabant,
307 1682 348 1735 ut
364 1659 458 1734 Galli
471 1660 635 1734 hodierni
649 1655 801 1733 scribunt
818 1681 858 1731 ou
874 1683 938 1757 pro
955 1662 1069 1736 nostro
1084 1662 1148 1737 W.

152 1791 217 1862 Ad
246 1789 342 1861 istam
377 1785 545 1860 rationem
580 1784 744 1877 Diotnstus
788 1806 853 1880 pro
886 1783 1016 1856 Latino
1056 1786 1148 1859 Velia

152 1913 283 2012 scripsit
315 1932 424 1985 orara.
476 1912 600 2006 Atque
617 1907 684 1980 huc
702 1905 878 1980 referenda
892 1907 1057 1981 videntur
1071 1945 1151 1999 ωας,

151 2073 232 2124 uxor,
256 2071 308 2124 are,
337 2036 405 2108 slve
432 2046 512 2122 titre,
546 2044 629 2120 οἵω,
654 2043 711 2119 o't'a,
737 2032 760 2106 i.
787 2055 819 2106 e.
846 2031 1035 2130 antiquitus
1063 2039 1150 2125 sinae,

144 2169 242 2245 «aiem,
267 2167 331 2246 sire,
356 2158 425 2232 slve
441 2192 535 2246 outre,
561 2191 655 2246 roms,
676 2191 741 2245 were,
768 2177 808 2229 ut
824 2185 922 2245 onata,
948 2180 1013 2254 pto
1026 2164 1149 2251 vinum,

144 2288 258 2370 micus,
274 2286 346 2369 via,
362 2281 460 2356 velia.

204 2406 245 2479 Ρ.
262 2406 366 2514 433]
406 2423 459 2479 tta
484 2403 706 2501 antiquissimi
723 2404 842 2483 dixiffc
858 2404 1023 2478 videntur
1037 2425 1085 2495 tn,
1108 2428 1150 2481 ut

154 2529 373 2616 recentiores,
398 2528 504 2602 etiam
522 2552 605 2602 cum
622 2544 654 2604 n
670 2527 705 2602 in
730 2527 791 2601 usu
818 2529 911 2615 effet,
936 2528 1151 2606 adhibebant

154 2670 217 2742 sn,
243 2653 413 2752 imprimis
428 2671 556 2752 poetae.
606 2655 640 2727 E
664 2672 783 2727 autem
810 2652 845 2731 in
871 2653 990 2726 multis
1015 2656 1150 2753 antiqui

155 2777 373 2876 usurparunt,
399 2777 462 2850 ubi
488 2775 694 2851 recentiores
720 2791 776 2852 ΑΙ.
807 2778 888 2852 vide
908 2784 1086 2856 Maittair.
1111 2805 1148 2878 p.

154 2928 243 3002 409.
292 2902 340 2977 Et
356 2927 464 3000 quam
482 2901 634 2999 proclive
650 2901 756 2975 fuerit
772 2935 783 2974 s
800 2922 837 2974 et
851 2939 881 2976 a
897 2924 1039 3001 propter
1060 2905 1151 2979 fimi.

155 3027 228 3101 lem
240 3024 361 3103 sonum
375 3048 584 3124 permutare,
595 3024 726 3098 constat
738 3048 782 3097 ex
794 3025 983 3100 innumeris
995 3027 1150 3103 librario·

155 3174 236 3226 rum
254 3151 440 3239 erroribus,
465 3153 527 3248 qui
544 3149 626 3224 inde
643 3150 892 3247 profluxerunt
942 3152 1000 3225 Ex
1017 3152 1084 3226 hac·
1098 3178 1150 3228 ra-

150 3275 252 3350 tione
268 3295 412 3373 etymon
430 3274 525 3348 verbi
543 3297 705 3348 msrruo
730 3271 869 3362 fortaffe
898 3273 1043 3349 statuere
1072 3279 1149 3377 pos·

155 3399 293 3475 sumus:
318 3401 415 3504 quod
433 3398 491 3473 alii
507 3418 631 3498 putant
648 3399 714 3473 effe
736 3423 779 3472 aes
807 3417 843 3473 ct
866 3433 960 3490 πμᾳι,
986 3399 1046 3471 alii
1065 3413 1149 3492 ἱςημι,
1188 3394 1197 3409 ’

149 3524 267 3623 pendo,
279 3524 438 3622 pardem
465 3524 522 3597 alii
537 3557 665 3618 ωπμᾳι,
684 3523 739 3596 vel
756 3557 875 3615 απμᾳν,
893 3524 989 3619 quod
1007 3547 1151 3622 quoque

155 3650 329 3748 fignificat
355 3649 518 3740 aestimare.
560 3648 609 3722 Et
634 3648 700 3721 hoc
724 3647 936 3743 postremum
955 3650 1040 3722 mihi
1057 3671 1151 3728 certe

154 3776 201 3848 ad
219 3796 336 3845 veram
353 3771 527 3869 originem
545 3771 619 3846 aliis
645 3770 787 3870 propius
814 3773 974 3847 accedere
999 3773 1151 3850 videtur.

156 3895 275 3970 Modo
301 3893 345 3968 ad
368 3896 601 3994 antiquiorem
630 3892 782 3970 formam
805 3893 1037 3970 ascendamus.
1075 3897 1153 3971 No·

696 4042 697 4046 ¹
1075 4039 1152 4094 tum
