2550 4784
135 323 210 414 166
273 312 1029 418 M1scnnnn1unncnrntcn

136 529 212 580 rem
230 502 337 577 modo
352 498 491 600 corripi,
517 500 625 574 modo
642 499 815 598 produci,
839 524 924 576 cum
950 522 1059 579 tamen
1077 503 1103 581 it

135 624 263 701 futuris
288 655 372 725 ooo,
396 643 433 703 ct
455 660 529 711 noo,
555 644 592 701 et
615 649 696 724 quae
719 623 802 697 hinc
824 622 937 699 fluant
966 626 1102 724 tempori·

136 750 217 838 bus,
243 750 340 827 nulla
364 749 406 823 fit
433 734 636 846 quantitatis
666 748 819 823 variatio.
870 749 958 823 Hoc
984 752 1100 849 inquo

136 874 362 955 observarunt
386 852 550 962 editores,
574 873 631 946 sed
655 873 691 946 in
718 872 765 947 rei
788 871 980 948 observata
1000 878 1099 951 nuent

136 999 356 1100 prosnediaca
380 996 616 1096 investiganda
641 1015 749 1072 artem
772 997 867 1073 suam
890 996 1013 1073 frustra
1028 1022 1097 1073 exer·

137 1148 253 1201 cuere.
302 1125 381 1199 Nec
397 1148 480 1198 vero
497 1123 566 1196 fine
582 1120 647 1195 risu
664 1121 750 1196 alios
767 1123 914 1196 aliorum
933 1144 1098 1199 coniurent

105 1274 108 1279 ·
137 1248 243 1333 rideo
270 1246 379 1321 sannis
407 1246 632 1346 excipientes,
671 1269 754 1319 curn
788 1245 850 1343 ipsi
880 1245 1019 1320 interint
1039 1244 1098 1321 nill

137 1383 264 1463 §mayr
280 1370 527 1469 excogitarint.
566 1372 676 1443 Ridet
691 1394 761 1447 non
778 1369 883 1443 lernel
893 1368 1022 1444 doctiss.
1034 1366 1098 1443 Clau

139 1474 209 1569 lius
226 1495 368 1584 Barnefii
385 1494 532 1593 ineptias
548 1495 705 1568 vocalem
720 1533 734 1567 υ
750 1497 786 1566 in
802 1525 871 1581 aua,
895 1492 959 1567 ain
973 1531 1018 1572 m
1029 1516 1098 1581 ooo

139 1643 285 1697 munem
303 1619 508 1695 statuentis:
533 1643 617 1691 curn
644 1638 762 1692 tamen
785 1642 869 1715 quae
890 1617 962 1717 ipse
987 1614 1097 1692 commi

138 1741 284 1816 niscatur
300 1767 320 1816 a
335 1744 477 1830 Barnesti
493 1742 632 1839 ineptiis
645 1743 753 1816 verbo
767 1743 939 1815 duntaxat
955 1764 1046 1817 tenus
1056 1734 1097 1815 dl

139 1886 292 1964 crepent.
343 1868 484 1963 Nempe
501 1869 634 1941 vocales
651 1905 665 1938 t
680 1888 715 1938 et
738 1902 748 1940 ι
770 1868 804 1939 in
827 1866 929 1941 dietis
954 1892 994 1943 ac
1015 1860 1102 1941 unt

141 1990 206 2062 bus
223 1988 339 2062 verbis
363 2012 484 2063 natura
505 1992 626 2088 longas
652 1992 717 2062 esse
743 1990 899 2076 censuit;
924 1990 973 2065 ob
994 1988 1098 2089 pofit'n

140 2137 220 2187 ncrn
237 2140 322 2188 vero
338 2114 524 2212 aliquando
540 2115 678 2212 corripi,
696 2137 868 2212 quatenus
885 2115 1012 2191 scilicet
1024 2116 1100 2189 alten

139 2237 301 2335 sequatur
318 2240 459 2315 vocalis.
511 2242 563 2311 At
579 2238 673 2311 enirn
691 2241 800 2313 aliane
817 2238 960 2313 obsecro
981 2238 1028 2313 est
1044 2234 1101 2335 pn·

137 2363 335 2451 ductarum,
361 2364 426 2436 alia
442 2383 678 2457 correptarum
694 2363 845 2461 pnfitio?
885 2366 985 2439 Num
1000 2358 1102 2437 diruit

138 2489 206 2559 esse
226 2488 339 2586 potest
360 2485 566 2582 syllabarum
589 2485 813 2560 distributio?
851 2469 907 2561 At
925 2489 963 2563 ni
979 2478 1103 2563 noceri

137 2613 252 2704 possit,
277 2630 517 2705 commentum
534 2633 607 2706 quo
627 2608 659 2682 se
685 2630 756 2683 tarn
780 2610 923 2685 mirifice
938 2604 1102 2685 extulitvir

137 2732 268 2807 doctiss.
302 2734 346 2807 ad
379 2733 523 2822 Barnefir‘
557 2733 702 2830 ineptias
734 2735 836 2832 plane
873 2735 1005 2811 recidit.
1047 2731 1103 2807 Nus
1136 2804 1139 2821 ,

138 2853 325 2929 istiusmodi
351 2859 485 2933 vocales
509 2878 630 2932 natura
650 2859 772 2930 breves
789 2861 854 2932 esse
873 2850 1104 2944 statuimueilt

137 2999 257 3052 autern
285 2980 405 3077 subjici
437 3003 594 3080 oportere
615 2981 869 3058 ¹consonantem
898 2987 986 3057 Van.
1032 2981 1103 3056 Hac
1134 3002 1139 3073 ,ἑ

136 3103 261 3202 utique
289 3107 379 3181 inter
408 3108 495 3180 duas
524 3107 658 3181 vocales
688 3107 905 3180 intercedens
931 3106 968 3179 in
993 3096 1104 3179 divali

136 3251 202 3326 pro
218 3229 360 3306 arbitrio
377 3230 512 3329 syllabis
528 3230 700 3303 enunciari
718 3230 857 3327 poterit.
890 3228 997 3303 Verbi
1011 3229 1108 3321 utith

136 3379 224 3437 aona
244 3355 396 3452 priorem
420 3378 483 3453 pro
504 3355 622 3427 lubitu
642 3357 848 3431 constituere
872 3355 994 3430 licebit
1013 3352 1108 3435 vello

136 3477 195 3550 vel
210 3501 300 3551 avw:
327 3477 404 3550 Sia
426 3477 536 3551 vocali
562 3477 742 3553 claudatur
765 3505 883 3567 nte-wo,
909 3503 981 3552 non
1003 3468 1111 3578 poterit
1136 3490 1139 3509 ¹

136 3625 208 3674 non
225 3599 371 3699 corripi:
398 3602 447 3674 sin
465 3626 484 3675 a
501 3601 707 3676 consonante
723 3628 839 3692 law-0,
863 3626 943 3676 earn
966 3598 1063 3674 fimus
1081 3612 1113 3669 ac

135 3723 386 3817 pronunciatis,
410 3749 450 3799 ea
465 3725 531 3799 erit
546 3729 615 3801 oris
632 3727 806 3823 figuratio,
833 3744 874 3798 ut
889 3743 970 3801 ante
989 3722 1116 3821 sequen·

136 3861 210 3920 tem
228 3851 385 3924 vocalem
402 3850 508 3925 altera
527 3874 556 3922 w
574 3853 755 3924 necessario
771 3852 811 3925 sit
827 3846 1014 3924 efferenda.
1057 3843 1122 3917 Fu·

135 3985 257 4047 turum
280 3998 364 4051 vero
381 4000 482 4055 nnn
506 3974 543 4055 in
564 3975 708 4075 syllabas
731 3977 781 4053 ita
803 3974 908 4054 secari
931 3972 1066 4071 nequit,
1086 3982 1124 4043 Ψ

979 4116 1126 4199 priorem
