2550 4784
460 326 746 426 ··(3⁸0)

178 507 272 582 Cum
290 527 373 579 vero
389 502 425 579 in
441 505 565 605 lingua
578 507 706 582 Groeca
727 506 863 601 aon‘jsrts
878 504 1023 606 scardus
1038 538 1083 591 nto
1134 522 1139 595 ῑ

130 631 242 728 tnagis
251 629 381 717 existat,
393 654 501 728 quarn
513 631 577 705 tria
582 628 723 726 secunda
736 633 1084 730 attivipaffivineii,
1135 672 1139 719 ι

129 777 165 829 tt
192 756 348 854 primurn
382 757 501 843 medii,
520 756 660 851 sutura,
684 781 726 831 ac
746 756 850 853 paulo
875 762 941 855 posi
962 760 1086 853 suun,
1137 796 1139 819 ε

129 882 373 978 quaerendutn,
398 905 442 955 an
468 900 511 955 ut
528 882 564 954 in
586 880 714 969 affluo,
732 882 787 955 'fic
810 881 921 958 etiam
936 885 972 957 in
987 888 1087 981 ptffirn

131 1005 175 1077 ad
199 1004 445 1103 imperfeeium
470 1005 654 1103 pertineat.
704 1005 825 1081 lnrmo
852 1031 939 1083 veto
964 1010 1089 1083 mant

129 1129 265 1227 primus
290 1134 436 1231 passivus
459 1128 667 1205 formatione
691 1132 736 1205 ad
763 1130 1014 1229 imperfeeiunr
1034 1129 1092 1205 rest·

131 1253 260 1325 rendut
275 1252 333 1325 est.
383 1253 434 1327 Et
449 1254 595 1353 quidetn
619 1252 681 1326 ista
699 1273 862 1353 tempora
876 1253 971 1330 sosia
989 1252 1094 1331 suntti

93 1362 95 1367 ¹
131 1400 290 1451 normam
320 1376 606 1476 imperfestorutn
630 1377 840 1467 tainorum,
865 1404 953 1481 quae
976 1381 1095 1455 attti't

131 1499 168 1573 in
183 1537 217 1591 με
233 1498 406 1592 oriuntur,
419 1504 541 1600 quales
557 1504 688 1577 sortnat
700 1504 893 1581 verborum
910 1507 948 1579 in
961 1542 995 1598 μ
1009 1526 1100 1607 qutu-

131 1625 299 1723 plurimas
315 1626 402 1701 oiim
419 1628 454 1701 in
471 1629 598 1703 Graeca
609 1628 731 1727 lingua
746 1630 912 1721 extitisse,
927 1632 1039 1709 immo
1050 1629 1106 1707 ni-

133 1750 213 1847 quis
231 1751 442 1850 antiquiores
459 1754 539 1842 effe,
563 1776 607 1827 ex
622 1752 664 1828 iit
680 1777 764 1851 quae
775 1752 972 1853 supersunt,
996 1756 1107 1833 abun&

131 1897 301 1974 apporet3
327 1900 410 1951 cum
429 1898 598 1975 praeterea
614 1877 650 1951 in
668 1877 846 1967 Homero,
872 1882 1041 1979 scriptore
1053 1902 1110 1957 ou·

133 1999 231 2073 nium
248 2001 497 2099 antiquiffimo,
520 2001 631 2077 itnnro
658 2002 695 2076 in
717 2004 820 2078 variis
835 2003 994 2081 Graetiae
1014 2006 1115 2083 dieite·

132 2123 191 2211 tis,
226 2141 263 2196 et
295 2124 484 2222 praesertitn
513 2126 549 2200 in
578 2127 697 2202 AEoiia
727 2125 1010 2226 frequentisstme
1040 2130 1116 2207 risu·

133 2265 274 2346 pantur,
300 2249 364 2325 ubi
392 2252 449 2327 ulii
476 2252 592 2327 Gtaeci
620 2251 735 2327 verbio
764 2253 801 2327 in
828 2269 866 2329 Ω
882 2254 1120 2337 ¹definentibut

135 2392 294 2449 utuntur.
345 2376 430 2450 Hoc
451 2394 569 2451 autern
592 2399 637 2450 ne
661 2395 794 2452 tetnere
818 2376 902 2477 quis
929 2398 1038 2477 putet
1057 2400 1120 2480 pto·

135 2499 233 2596 poni,
260 2524 312 2573 res
327 2501 434 2598 paulo
450 2500 662 2596 enucleatius
679 2501 728 2575 est
743 2503 969 2600 exponenda.
997 2501 1124 2579 Consint

135 2625 247 2697 multa
262 2626 357 2721 apud
371 2626 516 2700 Graecos
536 2626 637 2705 verbi
652 2627 771 2724 paffivi
788 2647 954 2726 temporo
970 2630 1009 2705 in
1027 2629 1123 2705 auio

134 2748 227 2823 sensu
246 2749 412 2847 usurpari,
438 2771 474 2827 et
491 2770 612 2825 contra
627 2752 740 2827 muita
761 2752 860 2827 verbi
877 2754 986 2829 afflui
1007 2755 1043 2831 in
1063 2751 1125 2854 pas-

135 2874 205 2949 rivo
222 2860 404 2953 adhiberi:
432 2876 562 2951 mirum
579 2877 697 2973 itaque
721 2877 833 2951 videri
860 2901 936 2953 nun
962 2874 1125 2977 potem

133 2996 209 3073 haec
226 3017 397 3098 tempora,
422 3000 484 3075 etsi
501 3001 544 3074 ad
560 3002 728 3098 paffivum
745 2998 963 3092 reseruntur,
989 3001 1126 3102 quodin

132 3122 194 3197 usu
211 3125 421 3224 plerumuut
436 3115 564 3201 virtute
575 3127 702 3222 paffiva
715 3125 908 3224 gaudeant,
925 3124 1126 3202 formatione

133 3267 250 3322 tamen
284 3250 328 3322 ad
368 3248 522 3325 activum
555 3249 705 3325 verbum
738 3244 918 3347 pertinere
951 3252 1125 3335 dicanturt

114 3371 216 3448 ,hinc
233 3372 350 3447 minus
368 3374 566 3448 mirandum
581 3372 631 3447 est
654 3395 724 3447 non
747 3396 824 3448 raro
848 3374 959 3451 etiarn
976 3376 1054 3453 hec
1066 3372 1125 3474 ipsa

132 3516 292 3597 tempora
314 3520 335 3570 a
361 3498 596 3598 scriptoribus
624 3496 661 3571 in
693 3497 808 3575 astino
840 3500 940 3575 sensu
970 3498 1123 3602 usurpari·

132 3625 208 3722 Qui
234 3644 354 3699 autem
384 3626 499 3699 aiiiva
528 3622 717 3698 verborum
743 3622 781 3697 in
809 3658 843 3717 μι
871 3622 1126 3701 confiderarerit

127 3745 348 3844 imperiosior,
373 3747 455 3825 inet
469 3744 572 3821 ftcile
588 3745 742 3821 inveniet
757 3770 832 3845 quo
854 3747 978 3823 referri
998 3750 1126 3848 poffint,

131 3869 167 3944 hi
185 3872 256 3947 duo
272 3873 391 3973 paffivi
420 3870 542 3957 aoristi.
593 3872 695 3947 Nam.
717 3888 755 3947 et
782 3870 820 3947 in
847 3869 1076 3983 formatione,
1094 3884 1127 3943 et

1093 4014 1125 4067 ut
