2550 4784
361 372 569 474 (377)

118 556 251 630 nullum
268 552 330 644 est,
355 555 460 628 etiam
476 553 642 653 peperisse
660 554 824 629 videntur
840 577 876 634 et
892 562 964 635 Im·

118 710 124 754 t
141 680 270 766 Ionica,
295 679 411 777 qualia
425 713 537 757 emm
552 698 587 754 et
604 680 715 754 multa
732 682 794 755 alia
821 686 964 777 fimilia;
1023 741 1025 745 -

120 830 192 894 nes,
219 823 258 876 ut
281 803 448 891 constant,
474 824 706 901 augmentum
729 809 840 904 vulgo
859 817 965 886 omit-

118 950 200 1014 eant,
214 949 250 1001 et
260 953 278 999 a
288 913 396 1002 verbo
413 928 626 1026 reduplicato
641 963 745 1008 nm
762 933 967 1012 efforma've.
1023 962 1025 968 =

118 1055 308 1151 periestum
326 1055 449 1141 nm,
474 1053 594 1127 omiffo
611 1035 813 1152 attg'mentd.

118 1182 240 1253 dvcto
255 1177 383 1275 speetat
399 1176 443 1250 ad
468 1178 611 1271 atn'flum
633 1178 696 1277 qui
717 1180 846 1256 dicitur
862 1183 971 1278 secun-

118 1326 254 1401 temque
270 1299 411 1375 formari
435 1325 455 1374 a
475 1298 596 1376 futuro
614 1299 776 1392 secundo,
803 1310 878 1407 nott
902 1310 972 1384 fine
1004 1358 1007 1363 -

121 1429 232 1525 specie
259 1428 414 1502 statuunt
429 1426 671 1517 Grammatici,
697 1429 733 1502 id
759 1430 975 1510 fi.attentius

120 1572 226 1639 retur,
252 1575 375 1625 aveto
389 1551 541 1626 alienum
567 1552 632 1625 effe
654 1553 772 1649 quivis
797 1555 975 1655 intelligit,

122 1676 260 1749 minerit
284 1699 405 1749 eorum
428 1699 511 1773 quae
535 1674 663 1755 dehoc
684 1672 805 1750 futuro
825 1677 977 1755 secundo

120 1801 278 1875 bservata
293 1800 381 1874 sunt.
416 1800 512 1874 Cum
527 1799 646 1897 itaque
661 1801 746 1874 olim
765 1803 902 1877 nullum
919 1805 976 1879 fu-

138 1924 322 1999 secundum
352 1925 519 2014 extiterit,
553 1926 622 1998 alio
652 1949 795 2024 quoque
829 1926 980 2004 referen-

118 2051 156 2122 ffe
174 2049 349 2136 aoristum,
374 2072 480 2146 quem
499 2062 625 2122 vocant
641 2048 846 2142 secundum,
870 2058 982 2131 immo

118 2197 125 2247 t
142 2174 207 2248 effe
224 2171 324 2248 facile
342 2194 496 2271 apparet.
546 2174 643 2274 Qtae
658 2192 776 2250 autem
793 2176 982 2253 Gramma·

118 2300 298 2375 tcentiores
316 2296 535 2371 adfuturum
562 2298 752 2373 secundum
775 2301 981 2397 fingendum
1047 2309 1051 2320 '

118 2423 310 2496 vicinarum
320 2419 512 2496 formarum
522 2421 704 2522 ignoratio,
714 2421 832 2496 eadem
843 2423 877 2497 in
888 2423 986 2498 causa

118 2574 149 2622 tr
168 2548 329 2628 aoristum
345 2544 549 2634 secundum,
574 2546 637 2644 qui
655 2568 837 2645 nunquam
852 2548 985 2639 extitit,
1085 2608 1088 2612 .

120 2692 242 2748 tarent.
279 2675 423 2769 Semper
441 2673 632 2769 tenendum
648 2672 709 2761 est,
728 2672 838 2746 multa
854 2670 986 2766 futura,

118 2799 321 2896 tduntaxat,
345 2820 428 2917 3⁰ae
443 2795 593 2870 secunda
608 2798 785 2884 dicuntur,
806 2794 863 2870 sed
881 2797 986 2872 etiam

118 2948 204 3007 ‚non
216 2919 362 2997 averbis
380 2920 509 2994 ufitatis
524 2919 655 3018 quibus
672 2921 923 3012 adscribuntur,
932 2923 991 2998 sed

118 3049 167 3122 nis
190 3046 271 3122 oriri
294 3047 485 3120 verborum
513 3030 648 3134 formis.
698 3044 739 3118 Id
756 3067 873 3121 autem
891 3047 916 3122 st
935 3044 992 3121 hic

118 3175 265 3263 mamus,
289 3169 402 3245 statim
419 3167 565 3267 patebit,
591 3164 694 3266 hujus
715 3170 840 3259 aoristi,
864 3172 961 3271 quis
976 3217 993 3235 -

119 3297 307 3384 sdicitur,
330 3293 577 3369 formationem
609 3293 739 3393 perfici,
769 3290 995 3393 fi'praesentis

118 3425 169 3496 »tit
193 3422 284 3495 illius
305 3418 431 3495 forme
451 3418 495 3492 ad
515 3439 624 3515 quam
645 3418 806 3517 proxime
831 3423 994 3516 pertinet,
1081 3501 1083 3503 ,

118 3549 200 3622 tatio
217 3561 252 3620 Ω
275 3548 311 3619 in
336 3557 397 3618 oN
423 3559 591 3630 mutetur,
616 3560 654 3615 et
678 3544 881 3642 praefigttur
908 3567 998 3641 aug·

118 3696 176 3748 tm.
201 3670 243 3744 In
251 3665 475 3769 quaquidem
487 3662 662 3741 formandi
672 3666 802 3741 tatione
812 3688 891 3739 cum
904 3663 999 3740 idem

120 3799 265 3872 slocum
277 3790 563 3888 habeat,qu‹td,in
576 3790 769 3889 imperfecti
778 3789 1000 3878 formatione,

118 3921 238 4022 uisque
271 3915 372 3993 facile
406 3915 563 3990 advertet
593 3913 702 3993 hune
719 3904 922 3991 secundum
944 3937 1002 3986 ao·

167 4041 170 4045 ⁴
345 4072 350 4079 ·
448 4038 566 4116 Bbb
824 4036 1005 4132 ,ristum
