2550 4784
236 306 963 390 lnTrnrunrnnuntMiununi.
1069 305 1152 415 i7¹

133 495 271 597 Nempe.
289 498 334 570 nd
356 448 562 592 Euripideum
584 448 674 566 istud
700 493 811 567 Otest.
836 499 942 595 1287.
968 494 1117 595 respexit

137 640 368 720 grammaticus
383 648 392 694 ε

218 758 253 843 Ag
269 782 307 823 ur
321 780 356 821 re
373 769 467 834 immet
482 760 669 834 munuum
684 749 770 834 ξιφκς

182 983 458 1089 Pag.58.l.18.

106 1173 108 1199 ς
221 1137 407 1203 nemmem
423 1136 495 1214 qnos
501 1103 626 1206 syllaba
642 1114 793 1186 terminat
799 1104 1007 1213 frequenter]

106 1254 109 1325 ξ
148 1235 233 1312 Latet
254 1241 290 1313 in
315 1239 383 1313 hoc
408 1237 507 1312 versu
534 1263 628 1312 error
652 1262 697 1311 ex
722 1238 830 1312 nimia
852 1238 982 1312 librarii
1008 1239 1122 1316 nescio

106 1336 108 1385 ³
149 1360 227 1457 eujus
240 1364 435 1438 eruditione
451 1342 641 1460 profeRus.
690 1365 832 1463 Nempe
857 1354 990 1440 homini
1016 1369 1124 1466 paulo

151 1484 284 1582 fugaciori
315 1488 469 1562 suboluit
497 1488 594 1561 verbi
624 1489 846 1578 Catulefflca,
884 1491 983 1586 quod
1015 1492 1123 1566 literis

106 1642 110 1721 3
153 1610 261 1688 Lntinir
286 1613 441 1688 exaravit
468 1611 503 1685 T
499 1616 687 1703 errationes,
723 1614 891 1688 Graecum
920 1615 987 1689 eiie
1016 1614 1125 1716 origi-

106 1724 111 1861 i
156 1759 226 1810 nem.
274 1739 376 1836 Isque
409 1739 494 1813 adeo
525 1762 590 1837 pro
622 1762 666 1811 eo
697 1762 772 1835 quo
804 1739 961 1837 pollebat
987 1741 1126 1837 judicio

106 1862 112 1923 i
157 1856 267 1936 Graetas
284 1865 399 1938 literas
416 1863 791 1942 curavit-invehendus.
835 1864 876 1936 ld
894 1866 990 1963 quod
1009 1887 1125 1941 tamen

106 1930 112 2097 i
159 1992 331 2086 neutiquam
359 1987 499 2075 recuset,
523 1988 550 2060 si
576 1987 693 2061 Graeci
721 1987 886 2062 sermonis
911 1993 966 2064 vel
994 1992 1126 2089 majore

106 2106 111 2223 i
159 2106 337 2186 nel'minore
353 2111 433 2187 usus
447 2113 527 2187 eiset
544 2110 678 2208 peritii.
730 2111 767 2183 Si
791 2112 889 2184 verbi
914 2119 1036 2212 utique
1061 2119 1129 2190 ori.
1229 2125 1232 2133 ·

106 2226 119 2319 ’,
161 2227 252 2322 ginem
275 2237 377 2334 ignor
424 2258 473 2326 et,
499 2237 604 2334 ipsam
634 2236 683 2310 ob
713 2234 803 2309 hane
831 2236 966 2310 causam
992 2243 1130 2336 integra

352 2362 447 2435 atina
462 2359 637 2457 scriptura.
683 2342 763 2434 Nec
780 2382 864 2433 vero
884 2381 1018 2434 mutata
1035 2365 1129 2452 effer,

190 2477 300 2561 homini
317 2485 517 2562 innotuiffet
532 2507 656 2559 vocem
675 2513 873 2572 mimirum,
900 2484 1023 2558 ultima
1050 2509 1129 2559 cor-

161 2624 243 2701 repta,
257 2611 393 2685 numeri
410 2611 476 2684 esse
487 2634 560 2682 non
577 2610 639 2682 nisi
656 2608 811 2706 pluralis,
830 2633 893 2682 nec
911 2611 1047 2709 generis
1066 2611 1129 2684 nisi

161 2736 295 2810 neutrius.
321 2738 436 2810 Dores
453 2735 595 2834 quidem
613 2753 649 2810 et
666 2737 787 2808 AEoles
798 2705 991 2812 infanzone
1006 2736 1130 2811 scribe·

160 2850 223 2932 bmt
237 2886 296 2958 pro
312 2890 505 2938 nemnem.
534 2864 656 2957 Atque
675 2860 756 2933 hinc
773 2860 898 2957 opinor
916 2863 950 2933 in
968 2861 1130 2940 fraudem

156 2966 294 3061 induetur
321 2987 371 3061 est
400 2986 507 3059 homo
537 2983 671 3071 infelix,
698 2985 830 3059 nescius
861 2985 999 3059 interim
1024 2991 1130 3062 Dori-

106 3088 108 3109 ⁵
153 3131 219 3185 cum
235 3115 290 3186 rel
305 3111 486 3215 AEolicum
503 3139 690 3187 unanima
706 3108 870 3183 ultimum
886 3110 1029 3208 perinde
1048 3137 1129 3210 pro·

146 3237 259 3313 ducere
275 3256 380 3339 atque
396 3236 559 3311 Ionicum
575 3263 768 3313 ravennium.

181 3487 462 3706 fafifissinlinim
477 3623 580 3680 autem
595 3605 777 3696 veniensstc
792 3623 892 3681 mutet
907 3604 1043 3704 oportet,

265 3737 311 3810 Ut
326 3736 381 3830 iste
395 3733 583 3832 verfusjam
596 3731 684 3805 docet
699 3730 795 3830 legem
809 3733 931 3825 metri]

165 3920 185 3954 ⁰
208 3918 243 3979 In
259 3915 355 3995 prima
368 3912 452 3992 hujus
466 3911 560 3973 libelli
572 3912 699 3974 editione
712 3913 874 3994 legebatur,

250 4022 314 4100 1²0st
316 4021 456 4101 ,spondeum
469 4034 555 4080 autem
568 4024 690 4091 vinicius,
701 4023 742 4100 fic
754 4036 846 4082 mutet
858 4036 963 4100 epona,

251 4119 291 4180 ile
303 4122 352 4200 iste
363 4116 455 4192 versus
459 4120 523 4198 jan
536 4119 615 4186 docet,
635 4116 712 4198 legem
725 4125 810 4178 neeri.

623 4221 649 4281 C
