2550 4784
152 340 199 413 μ
275 302 724 384 utscununuru
761 299 1042 378 cureret,

346 527 496 549 -—-
509 495 702 582 uwussprur
717 517 790 578 αμυ-

347 634 391 682 m
405 631 558 695 ςγατφχον
575 633 722 656 ——-
858 658 863 667 .

151 725 253 802 Vidit
276 722 400 823 utique
423 722 478 796 vir
500 721 625 809 doetus
647 719 802 816 vulgatae
822 716 983 792 leffionis
1007 717 1125 818 syllabas

150 848 366 949 antepenuit.
392 864 430 920 et
453 845 589 944 penult
612 844 650 917 in
665 844 763 916 versu
780 841 896 941 priore
920 878 967 919 m
988 878 1052 939 ιμμ
1072 862 1121 916 ue»
1150 908 1153 925 ,

149 975 239 1051 c'haei
254 974 331 1048 loca
347 971 505 1046 iambum
523 967 752 1054 constituere;
780 991 852 1066 qua
875 985 993 1041 tamen
1015 968 1047 1041 in
1063 967 1117 1040 oin

149 1099 342 1177 editoribus
357 1096 481 1171 Ouenn.
506 1095 555 1168 nil
578 1092 668 1168 intra
687 1090 768 1166 duri
782 1090 861 1166 fuit.
912 1091 1037 1167 Minus
1050 1092 1115 1164 πᾶα
1149 1110 1153 1129 ⁴

150 1226 277 1299 habere
293 1220 526 1296 ditrochaeum
543 1253 590 1295 m
605 1253 754 1317 ᾳιπςχι
763 1211 839 1313 jam
860 1213 1029 1291 diximus.
1070 1214 1112 1288 At

149 1370 263 1422 terum
274 1343 474 1419 etiamillud
486 1366 569 1417 eum
580 1337 1113 1416 editoributOxonu.communiter

149 1469 305 1570 peccavit
323 1467 374 1542 vir
391 1468 560 1556 eruditus,
583 1465 682 1566 quod
699 1464 835 1541 ultimae
851 1465 977 1563 prioris
992 1494 1057 1542 mu
1069 1462 1111 1561 syl·

148 1598 238 1672 labae
265 1594 403 1670 securus
427 1589 544 1668 fuerit.
594 1591 675 1666 Nos
703 1589 887 1689 epitritum
913 1584 1111 1689 quartumin

147 1750 219 1801 rau
234 1720 373 1796 alterius
388 1715 503 1805 initio,
526 1714 705 1814 dactylum
722 1733 839 1789 autem
864 1716 1004 1790 alterius
1019 1712 1110 1791 infiat

147 1870 217 1921 uno
235 1845 378 1942 negotio
393 1839 673 1929 constituendum
690 1838 915 1915 curavimus:
1005 1934 1008 1939 Ι

343 2006 491 2023 ······
503 1976 700 2073 ωμίςοτᾶν
715 1963 788 2040 ‹ini-

340 2105 448 2169 Mtiuit
464 2087 555 2191 ἆςχῖν
571 2096 697 2168 mim
712 2109 944 2183 Munere—-

145 2242 304 2319 Eundem
331 2240 433 2315 metri
460 2241 627 2313 rationem
650 2237 810 2329 servabit,
833 2240 898 2338 qui
919 2241 1014 2340 leget
1027 2270 1110 2330 inuit

144 2382 232 2465 cnm
251 2400 358 2459 nera.
385 2384 492 2459 atque
508 2361 557 2435 ita
572 2360 716 2460 quidem
734 2387 797 2460 per
821 2388 880 2438 me
902 2365 1061 2464 cuiqfflm
1070 2361 1109 2437 it·

144 2515 227 2589 gere
244 2488 372 2573 licebit.
424 2486 603 2558 Caeterum
630 2509 702 2561 vox
726 2522 891 2587 ςματηχον,
916 2514 1000 2588 quae
1024 2503 1110 2563 tantu

144 2614 261 2687 turbas
278 2611 387 2695 dedit,
402 2608 541 2682 videtur
557 2609 627 2683 huc
644 2612 806 2709 irrepfiffe
822 2636 867 2686 ex
883 2612 1003 2690 isthm.
1019 2614 1059 2687 V.
1067 2598 1109 2708 ἑο.
1151 2626 1153 2659 ³

290 2749 347 2808 Ktu
363 2747 639 2809 ΣΤΡΑΤΑΡΧΟΝ
659 2751 878 2813 ΑΙΘΙΟΠΩΝ
894 2753 990 2827 notior

289 2874 504 2961 Memuoun
523 2899 817 2921 ----

144 2985 213 3059 Sed
230 2984 274 3057 ad
292 2984 357 3058 alia
375 3008 468 3057 nunc
484 2985 706 3085 pergendum
723 2985 781 3060 est.

190 3162 235 3236 V.
260 3163 525 3258 r.-÷nmmtm]
550 3162 669 3237 Verba
693 3165 792 3263 apud
817 3165 987 3239 Homerum
1013 3165 1113 3265 pnffim

138 3288 368 3372 occurrentia,
395 3284 446 3359 uti
470 3284 571 3361 hodie
594 3284 700 3359 motis
721 3286 772 3360 est
793 3285 949 3380 scribere,
975 3296 1077 3381 innui
1090 3304 1119 3361 et

139 3415 261 3486 iumen
277 3408 470 3491 constanter
494 3428 634 3484 vertunt
659 3410 860 3510 interpretes
884 3414 1121 3513 miros-habent·

136 3530 248 3607 oculos.
288 3533 492 3633 Qamnam
509 3535 533 3609 ii
549 3535 612 3611 fibi
627 3536 790 3611 finxerint
806 3535 931 3613 horum
946 3540 1124 3615 verborum

136 3657 322 3756 originem,
360 3658 527 3756 equidem
561 3662 764 3762 neutiquam
797 3662 953 3739 divinare
984 3668 1126 3763 poisum.

136 3782 189 3855 Ea
208 3782 252 3854 de
278 3805 315 3856 re
341 3782 404 3882 ipfi
429 3782 593 3859 viderint.
644 3786 789 3862 Interim
808 3812 895 3863 vero
911 3815 1131 3890 compertum

134 3902 256 4002 videet
284 3906 410 3983 habere
438 3931 642 4006 germanum
676 3936 797 3987 eorum
820 3917 1035 4014 'potestatem
1067 3922 1132 3996 effe

136 4040 273 4123 wtum4
290 4052 326 4107 et
343 4057 508 4126 verumne,
532 4056 573 4109 ac
588 4035 735 4136 proinde
755 4040 798 4115 ad
815 4043 966 4117 verbum
984 4047 1136 4121 Homeri·

1069 4199 1138 4248 cum
