2550 4784
118 387 121 431 :
140 356 312 435 Cottion.
329 377 411 432 tiva
431 357 592 432 Aornin.
609 354 698 433 Vno
715 355 918 438 Vrnrure.
969 386 984 440 r
992 388 1035 462 31
1144 424 1150 435 .

132 541 195 613 nist
222 535 314 612 forte
339 562 403 636 pro
418 539 686 637 ſsgnpscaveram,
712 537 811 637 cujus
839 543 894 619 hic
915 568 1041 643 parum

118 690 146 739 rs
162 665 210 738 est
226 664 318 753 usus,
344 663 524 738 rescribere
541 666 641 738 malit
646 664 840 762 ſsgmficaor'.
882 672 949 782 Sed
967 674 1043 747 Vic-

118 793 152 879 ti,
177 790 286 863 modo
303 789 378 861 haee
399 787 575 885 scripserit,
601 790 791 864 constantia
805 793 1041 884 desideratum

118 941 178 1015 ppe
194 914 258 1013 qui
275 938 357 1011 pag.
381 905 441 1008 17.⁴
463 913 523 986 ista
540 934 658 987 contra
676 916 826 992 habeat.'
839 921 936 1018 Apud
949 926 1042 997 Grae.

118 1040 352 1113 ·E·duarum
370 1037 486 1111 obtinet
500 1040 722 1114 vicem-brevis
739 1057 770 1114 et
780 1041 953 1137 prodam,
1005 1047 1042 1118 0

118 1179 175 1236 rer
194 1181 256 1258 pro
280 1161 385 1249 brevi,
409 1176 442 1233 et
459 1181 520 1257 pro
541 1162 645 1260 longa,
670 1180 779 1263 erppro
803 1167 842 1239 U
861 1169 964 1263 poſsm
987 1169 1040 1264 est.

118 1287 256 1386 inegerit
272 1287 325 1360 vir
340 1286 496 1360 eruditus
514 1287 580 1360 iilis
596 1288 672 1362 haec
696 1289 903 1387 neutiquam
922 1292 1044 1370 adver·

118 1463 128 1498 ,
148 1432 328 1510 propterea
342 1411 440 1508 qnod
465 1435 535 1484 vox
558 1411 692 1487 duarum
709 1415 875 1490 comitem
895 1440 965 1490 non
983 1419 1043 1492 ha·

118 1556 134 1610 ‚t
160 1554 295 1626 tantum,
338 1535 503 1610 duntaxat*
530 1539 587 1610 vei
619 1536 738 1614 simile.
789 1543 870 1638 Age
905 1541 1038 1640 igitur:

118 1686 159 1759 ige
181 1663 275 1759 apud
300 1662 581 1735 Grammaticum
610 1663 813 1763 quempiam
839 1688 1038 1741 occurrere:

118 1761 298 1861 :reatinos
326 1786 449 1859 numeri
469 1788 549 1882 sunt
577 1786 648 1871 dno,
680 1787 816 1882 persona
843 1812 921 1864 vtro
950 1806 1038 1864 tres:

118 1933 177 1984 non
187 1909 265 2010 jam
281 1910 358 1985 haec
375 1912 500 1985 eodem
518 1912 618 2009 plane
637 1898 807 2002 recidunt,
834 1936 873 1987 ac
894 1914 919 1986 si
941 1911 1041 1986 dixis.

127 2035 177 2109 dno
200 2039 355 2112 tanturn?
393 2035 702 2134 Quisquamneest
718 2037 859 2111 obsecro
874 2042 936 2136 qui
953 2038 1041 2112 iliud

118 2175 171 2234 tun
193 2161 393 2237 desideret?
435 2161 568 2232 Contra
592 2158 616 2230 st
643 2159 722 2253 quis
750 2160 907 2234 diceret?
944 2159 1043 2257 Apud

118 2310 170 2361 κω
193 2288 312 2361 mentri
329 2287 408 2380 sunt
436 2281 509 2370 duo,
538 2283 675 2380 persone
702 2304 780 2355 uero
806 2297 893 2356 tres:
928 2285 1040 2358 excia-

118 2427 159 2484 ttt
180 2413 305 2509 opinor
340 2410 429 2483 inter
458 2407 589 2505 primos
618 2408 672 2480 vir
698 2405 884 2484 eruditus:
925 2409 1042 2484 Annon

118 2555 138 2617 r,
165 2560 181 2607 o
208 2533 367 2625 bellatule,
401 2550 465 2606 tres
489 2531 596 2606 itidem
615 2533 694 2629 sunt
718 2534 871 2609 numeri?
911 2532 1041 2629 Dignus

118 2656 188 2734 dies
200 2685 278 2735 eum
298 2664 364 2733 ruis
384 2663 521 2741 numeris
541 2661 590 2731 αα·
610 2673 707 2754 caput
726 2683 791 2735 ,non
806 2656 900 2758 semel
920 2655 1038 2737 demol-

118 2792 162 2856 str.
209 2786 263 2857 At
293 2782 379 2882 quid
409 2782 458 2855 ita
481 2783 653 2874 tandem?
695 2783 792 2871 Quia
819 2781 946 2856 scilicet
975 2778 1040 2878 qui

118 2928 149 2980 m
163 2907 196 2981 in
215 2909 362 2980 modum
379 2906 535 3003 loquitur
552 2927 717 2979 numeros
731 2905 797 2978 esse
813 2919 937 2978 tanturn
949 2903 1038 2976 duos

118 3030 220 3107 tificat.
271 3032 381 3109 Porro
404 3051 537 3118 autem,
563 3048 603 3102 ut
625 3026 877 3103 Vibiorinrtsstbi
893 3025 1039 3112 constet,

118 3179 135 3230 u
159 3178 273 3230 tamen
299 3191 435 3251 oppam
456 3155 601 3252 scriptor
619 3152 720 3229 suifl'e
743 3152 892 3240 videtur,
928 3177 1038 3250 quam

129 3283 159 3356 in
180 3308 218 3356 re
244 3281 440 3379 hujusmodi
463 3280 548 3352 fides
573 3280 613 3352 stt
637 3269 808 3364 habenda,
833 3300 917 3351 cum
934 3277 1040 3377 ipsius

118 3406 206 3480 irinae
239 3431 284 3479 ex
317 3405 471 3500 antiquae
504 3404 681 3501 scripturae
718 3402 958 3481 monumentis
995 3426 1040 3475 ne

120 3531 313 3629 mquidem
330 3527 460 3615 fateat,
477 3530 569 3602 haud
587 3553 696 3627 pauca
714 3526 941 3604 adversentur.
970 3525 1040 3598 Sed

118 3680 154 3729 ue
179 3655 358 3728 hominem
383 3653 601 3750 usqueadeo
626 3653 726 3751 parvi
750 3651 841 3727 facio
858 3649 944 3746 quin
966 3645 1040 3742 ista,

118 3795 193 3853 ruem
204 3799 269 3876 pro
287 3777 321 3850 E
339 3794 370 3851 et
390 3791 513 3864 ΙΩΤΑ,
538 3777 817 3858 additamentum
842 3770 940 3846 fuisse
964 3791 1040 3844 cre·
1065 3769 1068 3772 ⁴

118 3902 185 3977 tab
208 3902 326 4000 aliquo
343 3903 467 3974 rudem
494 3902 588 3976 iliam
612 3924 717 4002 atque
740 3897 945 3996 indigestam
962 3919 1039 3970 mo·

485 4028 568 4107 Ra
966 4023 1041 4098 lem
