2550 4784
336 91 395 163 Iu
445 86 912 165 Anrsrornanrrt.
1050 110 1121 187 215

130 270 265 372 Vulgo,
289 277 394 371 Qun,
417 267 486 343 &a
530 269 641 367 Quod
659 287 774 349 autem
794 267 829 341 in
844 268 946 342 tertio
961 266 1125 370 exemplo

136 396 273 495 legitur,
290 401 429 494 Ῑχθυδὶοι,
443 388 542 488 cujus
559 394 593 465 in
610 393 866 491 locumuxnnr
876 386 1123 489 substituimus,

140 517 299 595 soloecam
318 518 431 591 reddit
445 518 648 589 orationem.
681 517 853 614 ¹Quando
868 539 982 592 autem
1000 520 1125 596 harum

141 643 201 716 viri
224 644 279 717 ΕΙ.
297 642 582 746 emendationum
607 639 737 713 mentio
757 640 891 727 incidit,
916 642 1004 731 libet
1022 668 1127 741 porro

140 764 314 839 observare
331 761 464 839 causam
491 788 562 835 non
587 762 664 835 satis
689 763 848 837 idoneam
864 761 973 837 -fuisse
996 789 1058 840 cur
1081 769 1126 842 de

138 889 266 978 Clerico,
292 908 468 984 utcunque
486 887 614 961 harum·
625 910 739 959 rerum
758 884 924 980 imperito.
933 889 1128 987 ignaroque

137 1014 310 1099 omnium,
336 1031 408 1087 tarn
435 1008 584 1105 mirifice·
607 1010 863 1107 triumpharet·
898 1014 1007 1112 Qrod
1032 1016 1129 1089 eninr

136 1136 169 1205 in
203 1162 258 1211 me
281 1136 512 1235 praestandum
539 1133 681 1233 recipio,
705 1155 847 1211 centurn
867 1156 915 1210 ut
941 1138 1129 1213 minimum
1153 1162 1156 1169 ·

135 1254 252 1339 Clerici
265 1282 393 1334 errores
410 1257 554 1335 incastos
570 1258 749 1356 praetcriit,
765 1279 979 1357 centumque
994 1260 1130 1360 insuper

138 1371 215 1469 ipse
234 1382 368 1457 erravit.
419 1382 487 1455 Sed
509 1404 624 1478 neque
641 1407 725 1481 erga
739 1382 889 1480 Clericurn'
905 1383 969 1455 riri
987 1384 1130 1480 ingenui

138 1499 255 1581 officio
270 1505 412 1583 fundus
430 1506 587 1603 videtur.¹
607 1504 703 1579 Eum
719 1505 841 1602 utique
858 1506 949 1582 ridet
964 1529 1131 1606 tanquam

140 1632 259 1711 omnia
272 1632 315 1705 ad
333 1629 487 1705 eruditos
504 1629 632 1727 digitur
644 1630 844 1727 exigentem
860 1632 1017 1715 aduersus
1032 1641 1133 1711 metri

145 1755 308 1831 rationem
340 1755 744 1854 utcunquepeccantia,
778 1779 864 1837 cum
883 1757 1065 1831 juramen
1096 1761 1132 1834 in

150 1866 349 1957 Praefatione
371 1879 446 1953 haec
466 1879 618 1969 habeat:
645 1903 724 1955 caue
747 1879 852 1955 credas
874 1884 977 1954 omnia
1002 1908 1024 1953 a
1050 1886 1132 1956 nobis

143 2008 297 2087 proberis
314 2022 344 2079 ct
360 2007 489 2101 integris
504 2004 643 2101 verſsbus
652 2006 796 2103 proponi.
823 2002 973 2079 Clericum
982 2007 1133 2104 ¹quidem

153 2120 284 2228 incepti,
303 2130 359 2203 cui
373 2128 527 2203 maxime
539 2128 650 2231 impar
666 2149 750 2215 erat,
768 2153 890 2228 poenas
907 2128 1033 2205 dedisse
1049 2122 1133 2206 neu'-

154 2253 278 2353 tiquam
303 2254 390 2328 mihi
414 2242 519 2326 dolet.
571 2254 646 2348 Qui
664 2256 757 2327 enirn
776 2256 895 2328 Poetae
912 2250 1062 2352 cujusvis
1076 2260 1134 2331 vel

152 2373 281 2477 integra
302 2378 434 2482 scripta.
449 2378 508 2453 vei
525 2375 728 2474 ¹fragmenta
744 2380 834 2453 inse
849 2382 983 2455 edenda
1000 2384 1134 2480 recipit,

151 2525 227 2577 cum
245 2526 361 2580 tamen
382 2502 419 2579 in
444 2522 636 2576 metrorum
662 2505 792 2576 ratione
816 2510 852 2577 et
875 2503 1033 2599 syllabica
1056 2530 1133 2578 vera

152 2625 270 2701 borum
288 2626 483 2726 quantitate
499 2625 600 2724 plane
618 2625 657 2697 fit
673 2624 815 2723 hospes,
839 2626 994 2715 summae,
1020 2650 1060 2699 ut
1077 2655 1135 2703 ne·

150 2751 232 2851 quid
248 2749 388 2853 gravius
404 2749 533 2836 dicam,
559 2748 758 2823 temeritatis
775 2750 871 2824 venit
887 2752 1092 2847 arguendus,
1129 2778 1136 2793 ’

198 3044 243 3118 V.
266 3068 371 3136 114¹·
390 3064 449 3120 ‚sset
463 3081 512 3138 prr
529 3055 608 3120 irrora
625 3079 653 3120 rt
668 3078 797 3151 curvarier
813 3077 846 3119 nr
863 3026 972 3137 Amce

329 3192 332 3199 '
396 3170 509 3257 Ύφειλκ,
536 3200 586 3268 apo
603 3204 632 3243 oa
648 3176 780 3246 nariam
796 3201 878 3246 emtor
894 3166 965 3283 uit]

152 3339 292 3417 Poeseos
320 3341 449 3419 Atticae
474 3342 562 3441 ratio
583 3340 769 3417 istiusmodi
795 3343 943 3431 hiatum,
969 3345 1078 3439 qualis
1104 3344 1140 3419 in

152 3467 255 3541 altero
284 3465 382 3540 versu
413 3466 632 3567 conspicitur,
669 3467 704 3541 in
736 3469 888 3543 versibus
920 3469 1075 3543 iambicis
1103 3489 1141 3542 ct

152 3590 672 3697 trochaicis-omnimodo·vetat.
721 3593 861 3675 Deinde
883 3591 989 3688 ipsam
1014 3593 1144 3666 oratio·

153 3728 232 3787 uem
262 3716 329 3791 imit
357 3723 579 3802 sanun-runo
608 3751 649 3789 aa
677 3715 845 3795 soloecam
874 3717 938 3791 esse
968 3718 1143 3805 assever03

526 3838 530 3844 ’
618 3836 627 3847 ’
683 3834 689 3843 ’
939 3828 1142 3914 ¹sermonis
