<?xml version="1.0" encoding="UTF-8"?>
<!DOCTYPE html PUBLIC "-//W3C//DTD XHTML 1.0 Transitional//EN"
    "http://www.w3.org/TR/xhtml1/DTD/xhtml1-transitional.dtd">
<html xmlns="http://www.w3.org/1999/xhtml" xml:lang="en" lang="en">
 <head>
  <title>
</title>
<meta http-equiv="Content-Type" content="text/html;charset=utf-8" />
  <meta name='ocr-system' content='tesseract 3.04.00' />
  <meta name='ocr-capabilities' content='ocr_page ocr_carea ocr_par ocr_line ocrx_word'/>
</head>
<body>
  <div class='ocr_page' id='page_1' title='image "./ricardidawesmis00burggoog_0477.png"; bbox 0 0 2550 4784; ppageno 0'>
   <div class='ocr_carea' id='block_1_1' title="bbox 478 327 694 426">
    <p class='ocr_par' dir='ltr' id='par_1_1' title="bbox 478 327 694 426">
     <span class='ocr_line' id='line_1_1' title="bbox 478 327 694 426; baseline -0.023 -4"><span class='ocrx_word' id='word_1_1' title='bbox 478 330 502 422; x_wconf 71' lang='lat'>¹(</span> <span class='ocrx_word' id='word_1_2' title='bbox 557 347 627 426; x_wconf 77' lang='lat'>399</span> <span class='ocrx_word' id='word_1_3' title='bbox 680 327 694 417; x_wconf 86' lang='grc'>)</span> 
     </span>
    </p>
   </div>
   <div class='ocr_carea' id='block_1_2' title="bbox 106 503 1179 4210">
    <p class='ocr_par' dir='ltr' id='par_1_2' title="bbox 106 503 1132 2719">
     <span class='ocr_line' id='line_1_2' title="bbox 107 503 1090 609; baseline -0.005 -23"><span class='ocrx_word' id='word_1_4' title='bbox 107 538 149 586; x_wconf 86' lang='lat' dir='ltr'>us</span> <span class='ocrx_word' id='word_1_5' title='bbox 185 505 372 609; x_wconf 88' lang='lat' dir='ltr'>aliquando</span> <span class='ocrx_word' id='word_1_6' title='bbox 406 505 534 579; x_wconf 87' lang='lat' dir='ltr'>multas</span> <span class='ocrx_word' id='word_1_7' title='bbox 567 503 716 578; x_wconf 85' lang='lat' dir='ltr'>Graeciae</span> <span class='ocrx_word' id='word_1_8' title='bbox 757 506 915 602; x_wconf 81' lang='lat' dir='ltr'>regiones</span> <span class='ocrx_word' id='word_1_9' title='bbox 953 504 1090 598; x_wconf 76' lang='lat' dir='ltr'>vilerit3</span> 
     </span>
     <span class='ocr_line' id='line_1_3' title="bbox 106 630 1089 736; baseline -0.002 -27"><span class='ocrx_word' id='word_1_10' title='bbox 106 639 217 736; x_wconf 62' lang='lat' dir='ltr'>luidni</span> <span class='ocrx_word' id='word_1_11' title='bbox 237 653 404 733; x_wconf 87' lang='lat' dir='ltr'>putemus</span> <span class='ocrx_word' id='word_1_12' title='bbox 421 631 521 703; x_wconf 84' lang='lat' dir='ltr'>illum</span> <span class='ocrx_word' id='word_1_13' title='bbox 550 632 586 703; x_wconf 89' lang='lat' dir='ltr'>in</span> <span class='ocrx_word' id='word_1_14' title='bbox 613 630 743 728; x_wconf 86' lang='lat' dir='ltr'>scriptis</span> <span class='ocrx_word' id='word_1_15' title='bbox 765 630 830 702; x_wconf 90' lang='lat' dir='ltr'>suis</span> <span class='ocrx_word' id='word_1_16' title='bbox 852 631 1000 708; x_wconf 82' lang='lat' dir='ltr'>AEolicom</span> <span class='ocrx_word' id='word_1_17' title='bbox 1016 634 1089 707; x_wconf 87' lang='lat' dir='ltr'>dia·</span> 
     </span>
     <span class='ocr_line' id='line_1_4' title="bbox 106 753 1092 832; baseline -0.001 0"><span class='ocrx_word' id='word_1_18' title='bbox 106 761 225 832; x_wconf 70' lang='lat' dir='ltr'>eelurn</span> <span class='ocrx_word' id='word_1_19' title='bbox 246 757 396 828; x_wconf 84' lang='lat' dir='ltr'>maxime</span> <span class='ocrx_word' id='word_1_20' title='bbox 413 755 570 827; x_wconf 83' lang='lat' dir='ltr'>secutum</span> <span class='ocrx_word' id='word_1_21' title='bbox 590 754 666 828; x_wconf 79' lang='lat' dir='ltr'>elle.</span> <span class='ocrx_word' id='word_1_22' title='bbox 708 753 917 828; x_wconf 81' lang='lat' dir='ltr'>AEolicae&#39;illae</span> <span class='ocrx_word' id='word_1_23' title='bbox 933 757 1092 831; x_wconf 88' lang='lat' dir='ltr'>variatio·</span> 
     </span>
     <span class='ocr_line' id='line_1_5' title="bbox 106 879 1132 981; baseline 0.001 -25"><span class='ocrx_word' id='word_1_24' title='bbox 106 906 170 969; x_wconf 88' lang='lat' dir='ltr'>res,</span> <span class='ocrx_word' id='word_1_25' title='bbox 188 904 271 981; x_wconf 87' lang='lat' dir='ltr'>quae</span> <span class='ocrx_word' id='word_1_26' title='bbox 288 880 331 952; x_wconf 90' lang='lat' dir='ltr'>ab</span> <span class='ocrx_word' id='word_1_27' title='bbox 348 879 555 977; x_wconf 86' lang='lat' dir='ltr'>Apollonio,</span> <span class='ocrx_word' id='word_1_28' title='bbox 570 899 607 952; x_wconf 89' lang='lat' dir='ltr'>et</span> <span class='ocrx_word' id='word_1_29' title='bbox 624 879 696 951; x_wconf 82' lang='lat' dir='ltr'>aliis</span> <span class='ocrx_word' id='word_1_30' title='bbox 715 879 955 975; x_wconf 81' lang='lat' dir='ltr'>probatiffrmis</span> <span class='ocrx_word' id='word_1_31' title='bbox 971 906 1092 979; x_wconf 87' lang='lat' dir='ltr'>gram·</span> <span class='ocrx_word' id='word_1_32' title='bbox 1127 968 1132 978; x_wconf 43' lang='grc'>,</span> 
     </span>
     <span class='ocr_line' id='line_1_6' title="bbox 106 1002 1091 1100; baseline -0.001 -19"><span class='ocrx_word' id='word_1_33' title='bbox 106 1007 231 1082; x_wconf 83' lang='lat' dir='ltr'>naticis</span> <span class='ocrx_word' id='word_1_34' title='bbox 249 1024 498 1089; x_wconf 83' lang='lat' dir='ltr'>memorantur,</span> <span class='ocrx_word' id='word_1_35' title='bbox 511 1002 632 1100; x_wconf 77' lang='lat' dir='ltr'>quales</span> <span class='ocrx_word' id='word_1_36' title='bbox 649 1002 727 1075; x_wconf 84' lang='lat' dir='ltr'>sunt</span> <span class='ocrx_word' id='word_1_37' title='bbox 742 1003 903 1075; x_wconf 85' lang='lat' dir='ltr'>resolutio</span> <span class='ocrx_word' id='word_1_38' title='bbox 917 1005 1091 1081; x_wconf 86' lang='lat' dir='ltr'>vocalium</span> 
     </span>
     <span class='ocr_line' id='line_1_7' title="bbox 106 1124 1091 1224; baseline -0.001 -19"><span class='ocrx_word' id='word_1_39' title='bbox 106 1131 416 1216; x_wconf 81' lang='lat' dir='ltr'>:ircumflexarunr,</span> <span class='ocrx_word' id='word_1_40' title='bbox 442 1146 478 1200; x_wconf 89' lang='lat' dir='ltr'>et</span> <span class='ocrx_word' id='word_1_41' title='bbox 506 1127 581 1201; x_wconf 85' lang='lat' dir='ltr'>aliae</span> <span class='ocrx_word' id='word_1_42' title='bbox 610 1124 711 1223; x_wconf 87' lang='lat' dir='ltr'>supra</span> <span class='ocrx_word' id='word_1_43' title='bbox 737 1148 879 1217; x_wconf 82' lang='lat' dir='ltr'>notatae,</span> <span class='ocrx_word' id='word_1_44' title='bbox 903 1131 1025 1224; x_wconf 83' lang='lat' dir='ltr'>paffim</span> <span class='ocrx_word' id='word_1_45' title='bbox 1054 1131 1091 1205; x_wconf 90' lang='lat' dir='ltr'>in</span> 
     </span>
     <span class='ocr_line' id='line_1_8' title="bbox 106 1249 1091 1352; baseline -0.003 -22"><span class='ocrx_word' id='word_1_46' title='bbox 106 1252 272 1336; x_wconf 72' lang='lat' dir='ltr'><em>Homericis</em></span> <span class='ocrx_word' id='word_1_47' title='bbox 296 1268 496 1352; x_wconf 85' lang='lat' dir='ltr'>occurrunt.</span> <span class='ocrx_word' id='word_1_48' title='bbox 547 1250 588 1323; x_wconf 93' lang='lat' dir='ltr'>In</span> <span class='ocrx_word' id='word_1_49' title='bbox 615 1250 745 1348; x_wconf 91' lang='lat' dir='ltr'>quibus</span> <span class='ocrx_word' id='word_1_50' title='bbox 768 1249 844 1323; x_wconf 82' lang='lat' dir='ltr'>lane</span> <span class='ocrx_word' id='word_1_51' title='bbox 868 1250 945 1325; x_wconf 91' lang='lat' dir='ltr'>sunt</span> <span class='ocrx_word' id='word_1_52' title='bbox 972 1253 1091 1345; x_wconf 87' lang='lat' dir='ltr'>etiarn,</span> 
     </span>
     <span class='ocr_line' id='line_1_9' title="bbox 106 1372 1093 1477; baseline 0.001 -27"><span class='ocrx_word' id='word_1_53' title='bbox 106 1400 178 1477; x_wconf 72' lang='lat' dir='ltr'>11¹ae</span> <span class='ocrx_word' id='word_1_54' title='bbox 195 1400 264 1450; x_wconf 93' lang='lat' dir='ltr'>non</span> <span class='ocrx_word' id='word_1_55' title='bbox 281 1372 361 1448; x_wconf 85' lang='lat' dir='ltr'>sunt</span> <span class='ocrx_word' id='word_1_56' title='bbox 377 1373 696 1449; x_wconf 72' lang='lat' dir='ltr'>AEolicae&#39;dialedli:</span> <span class='ocrx_word' id='word_1_57' title='bbox 724 1397 807 1472; x_wconf 88' lang='lat' dir='ltr'>quae</span> <span class='ocrx_word' id='word_1_58' title='bbox 825 1393 941 1448; x_wconf 88' lang='lat' dir='ltr'>tamen</span> <span class='ocrx_word' id='word_1_59' title='bbox 958 1399 1020 1474; x_wconf 92' lang='lat' dir='ltr'>par</span> <span class='ocrx_word' id='word_1_60' title='bbox 1043 1377 1093 1451; x_wconf 86' lang='lat' dir='ltr'>est</span> 
     </span>
     <span class='ocr_line' id='line_1_10' title="bbox 106 1497 1093 1596; baseline 0 -21"><span class='ocrx_word' id='word_1_61' title='bbox 106 1502 242 1575; x_wconf 81' lang='lat' dir='ltr'>latuere</span> <span class='ocrx_word' id='word_1_62' title='bbox 259 1519 400 1596; x_wconf 85' lang='lat' dir='ltr'>poetam</span> <span class='ocrx_word' id='word_1_63' title='bbox 421 1520 505 1571; x_wconf 85' lang='lat' dir='ltr'>curn</span> <span class='ocrx_word' id='word_1_64' title='bbox 530 1499 647 1572; x_wconf 87' lang='lat' dir='ltr'>nativa</span> <span class='ocrx_word' id='word_1_65' title='bbox 674 1497 730 1593; x_wconf 80' lang='lat' dir='ltr'>sua</span> <span class='ocrx_word' id='word_1_66' title='bbox 757 1517 794 1571; x_wconf 85' lang='lat' dir='ltr'>et</span> <span class='ocrx_word' id='word_1_67' title='bbox 819 1500 957 1596; x_wconf 85' lang='lat' dir='ltr'>propria</span> <span class='ocrx_word' id='word_1_68' title='bbox 972 1501 1093 1579; x_wconf 73' lang='lat' dir='ltr'>AEolica</span> 
     </span>
     <span class='ocr_line' id='line_1_11' title="bbox 108 1620 1095 1722; baseline -0.001 -22"><span class='ocrx_word' id='word_1_69' title='bbox 108 1645 190 1700; x_wconf 89' lang='lat' dir='ltr'>nter</span> <span class='ocrx_word' id='word_1_70' title='bbox 214 1624 337 1699; x_wconf 91' lang='lat' dir='ltr'>itinera</span> <span class='ocrx_word' id='word_1_71' title='bbox 361 1621 560 1697; x_wconf 86' lang='lat' dir='ltr'>faciendum</span> <span class='ocrx_word' id='word_1_72' title='bbox 579 1620 804 1696; x_wconf 80' lang='lat' dir='ltr'>immiscuisse.</span> <span class='ocrx_word' id='word_1_73' title='bbox 856 1621 1028 1722; x_wconf 85' lang='lat' dir='ltr'>Principia</span> <span class='ocrx_word' id='word_1_74' title='bbox 1044 1644 1095 1699; x_wconf 88' lang='lat' dir='ltr'>ta·</span> 
     </span>
     <span class='ocr_line' id='line_1_12' title="bbox 106 1745 1095 1849; baseline 0.002 -25"><span class='ocrx_word' id='word_1_75' title='bbox 106 1774 182 1824; x_wconf 87' lang='lat' dir='ltr'>nen</span> <span class='ocrx_word' id='word_1_76' title='bbox 206 1751 380 1822; x_wconf 69' lang='lat' dir='ltr'>Homerica</span> <span class='ocrx_word' id='word_1_77' title='bbox 395 1749 558 1823; x_wconf 81' lang='lat' dir='ltr'>orationis</span> <span class='ocrx_word' id='word_1_78' title='bbox 576 1766 611 1821; x_wconf 92' lang='lat' dir='ltr'>et</span> <span class='ocrx_word' id='word_1_79' title='bbox 628 1745 785 1833; x_wconf 86' lang='lat' dir='ltr'>stamina,</span> <span class='ocrx_word' id='word_1_80' title='bbox 811 1747 845 1820; x_wconf 78' lang='lat' dir='ltr'>sn</span> <span class='ocrx_word' id='word_1_81' title='bbox 862 1748 908 1821; x_wconf 88' lang='lat' dir='ltr'>ita</span> <span class='ocrx_word' id='word_1_82' title='bbox 931 1750 1027 1849; x_wconf 91' lang='lat' dir='ltr'>loqui</span> <span class='ocrx_word' id='word_1_83' title='bbox 1054 1754 1095 1826; x_wconf 91' lang='lat' dir='ltr'>li·</span> 
     </span>
     <span class='ocr_line' id='line_1_13' title="bbox 106 1870 1092 1973; baseline 0.004 -26"><span class='ocrx_word' id='word_1_84' title='bbox 106 1893 188 1963; x_wconf 87' lang='lat' dir='ltr'>:eat,</span> <span class='ocrx_word' id='word_1_85' title='bbox 214 1897 283 1947; x_wconf 88' lang='lat' dir='ltr'>non</span> <span class='ocrx_word' id='word_1_86' title='bbox 310 1874 437 1949; x_wconf 88' lang='lat' dir='ltr'>dubito</span> <span class='ocrx_word' id='word_1_87' title='bbox 464 1874 551 1973; x_wconf 90' lang='lat' dir='ltr'>quin</span> <span class='ocrx_word' id='word_1_88' title='bbox 579 1870 698 1951; x_wconf 78' lang='lat' dir='ltr'>AEolr&#39;ca</span> <span class='ocrx_word' id='word_1_89' title='bbox 725 1871 799 1945; x_wconf 76' lang='lat' dir='ltr'>sant.</span> <span class='ocrx_word' id='word_1_90' title='bbox 850 1874 973 1971; x_wconf 84' lang='lat' dir='ltr'>Atque</span> <span class='ocrx_word' id='word_1_91' title='bbox 997 1874 1092 1951; x_wconf 85' lang='lat' dir='ltr'>illam</span> 
     </span>
     <span class='ocr_line' id='line_1_14' title="bbox 106 1995 1095 2096; baseline 0.004 -26"><span class='ocrx_word' id='word_1_92' title='bbox 106 1997 266 2071; x_wconf 80' lang='lat' dir='ltr'>nimirum</span> <span class='ocrx_word' id='word_1_93' title='bbox 296 1998 575 2092; x_wconf 81' lang='lat' dir='ltr'>lonico-poeticam,</span> <span class='ocrx_word' id='word_1_94' title='bbox 601 2017 642 2068; x_wconf 84' lang='lat' dir='ltr'>ut</span> <span class='ocrx_word' id='word_1_95' title='bbox 668 1997 780 2081; x_wconf 87' lang='lat' dir='ltr'>aiunt,</span> <span class='ocrx_word' id='word_1_96' title='bbox 804 1995 990 2070; x_wconf 74' lang='lat' dir='ltr'>dialedium</span> <span class='ocrx_word' id='word_1_97' title='bbox 1012 2022 1095 2096; x_wconf 87' lang='lat' dir='ltr'>pro·</span> 
     </span>
     <span class='ocr_line' id='line_1_15' title="bbox 106 2119 1095 2223; baseline 0.003 -27"><span class='ocrx_word' id='word_1_98' title='bbox 106 2121 215 2196; x_wconf 81' lang='lat' dir='ltr'>&gt;abile</span> <span class='ocrx_word' id='word_1_99' title='bbox 232 2121 281 2194; x_wconf 82' lang='lat' dir='ltr'>eli</span> <span class='ocrx_word' id='word_1_100' title='bbox 297 2120 383 2195; x_wconf 87' lang='lat' dir='ltr'>nihil</span> <span class='ocrx_word' id='word_1_101' title='bbox 400 2122 493 2195; x_wconf 89' lang='lat' dir='ltr'>aliud</span> <span class='ocrx_word' id='word_1_102' title='bbox 511 2119 607 2192; x_wconf 83' lang='lat' dir='ltr'>fuiffe</span> <span class='ocrx_word' id='word_1_103' title='bbox 625 2143 644 2193; x_wconf 92' lang='lat' dir='ltr'>a</span> <span class='ocrx_word' id='word_1_104' title='bbox 659 2119 819 2206; x_wconf 74' lang='lat' dir='ltr'>dialeero,</span> <span class='ocrx_word' id='word_1_105' title='bbox 843 2144 950 2218; x_wconf 87' lang='lat' dir='ltr'>quarn</span> <span class='ocrx_word' id='word_1_106' title='bbox 979 2147 1095 2223; x_wconf 85' lang='lat' dir='ltr'>popu·</span> 
     </span>
     <span class='ocr_line' id='line_1_16' title="bbox 106 2223 1114 2343; baseline 0.006 -27"><span class='ocrx_word' id='word_1_107' title='bbox 106 2268 186 2319; x_wconf 75' lang='lat' dir='ltr'>‚ares</span> <span class='ocrx_word' id='word_1_108' title='bbox 203 2243 253 2318; x_wconf 87' lang='lat' dir='ltr'>soi</span> <span class='ocrx_word' id='word_1_109' title='bbox 271 2245 381 2341; x_wconf 87' lang='lat' dir='ltr'>vulgo</span> <span class='ocrx_word' id='word_1_110' title='bbox 409 2243 653 2342; x_wconf 85' lang='lat' dir='ltr'>loquebantur.</span> <span class='ocrx_word' id='word_1_111' title='bbox 705 2223 804 2343; x_wconf 79' lang='lat' dir='ltr'>Qrin</span> <span class='ocrx_word' id='word_1_112' title='bbox 829 2247 933 2319; x_wconf 88' lang='lat' dir='ltr'>etiam</span> <span class='ocrx_word' id='word_1_113' title='bbox 957 2248 1114 2322; x_wconf 87' lang='lat' dir='ltr'>dicendi.</span> 
     </span>
     <span class='ocr_line' id='line_1_17' title="bbox 106 2354 1095 2468; baseline 0.003 -27"><span class='ocrx_word' id='word_1_114' title='bbox 106 2366 264 2457; x_wconf 69' lang='lat' dir='ltr'>formam,</span> <span class='ocrx_word' id='word_1_115' title='bbox 289 2393 360 2465; x_wconf 88' lang='lat' dir='ltr'>qua</span> <span class='ocrx_word' id='word_1_116' title='bbox 386 2370 489 2443; x_wconf 84' lang='lat' dir='ltr'>lones</span> <span class='ocrx_word' id='word_1_117' title='bbox 514 2354 747 2468; x_wconf 83' lang='lat' dir='ltr'>augmentum</span> <span class='ocrx_word' id='word_1_118' title='bbox 775 2363 985 2463; x_wconf 82' lang='lat' dir='ltr'>rejiciebant,</span> <span class='ocrx_word' id='word_1_119' title='bbox 1001 2370 1095 2444; x_wconf 89' lang='lat' dir='ltr'>haud</span> 
     </span>
     <span class='ocr_line' id='line_1_18' title="bbox 106 2491 1093 2592; baseline 0.003 -25"><span class='ocrx_word' id='word_1_120' title='bbox 106 2491 168 2567; x_wconf 70' lang='lat' dir='ltr'>Teio</span> <span class='ocrx_word' id='word_1_121' title='bbox 192 2517 236 2567; x_wconf 85' lang='lat' dir='ltr'>an</span> <span class='ocrx_word' id='word_1_122' title='bbox 259 2494 407 2572; x_wconf 79' lang='lat' dir='ltr'>AEolicom</span> <span class='ocrx_word' id='word_1_123' title='bbox 431 2517 574 2591; x_wconf 89' lang='lat' dir='ltr'>quoque</span> <span class='ocrx_word' id='word_1_124' title='bbox 601 2494 728 2567; x_wconf 88' lang='lat' dir='ltr'>debere</span> <span class='ocrx_word' id='word_1_125' title='bbox 752 2492 877 2567; x_wconf 85' lang='lat' dir='ltr'>statui:</span> <span class='ocrx_word' id='word_1_126' title='bbox 902 2517 984 2592; x_wconf 83' lang='lat' dir='ltr'>quae</span> <span class='ocrx_word' id='word_1_127' title='bbox 1010 2518 1093 2570; x_wconf 89' lang='lat' dir='ltr'>cum</span> 
     </span>
     <span class='ocr_line' id='line_1_19' title="bbox 106 2615 1128 2719; baseline 0.003 -28"><span class='ocrx_word' id='word_1_128' title='bbox 106 2619 234 2691; x_wconf 82' lang='lat' dir='ltr'>:aeteris</span> <span class='ocrx_word' id='word_1_129' title='bbox 251 2618 338 2689; x_wconf 88' lang='lat' dir='ltr'>adeo</span> <span class='ocrx_word' id='word_1_130' title='bbox 353 2615 476 2691; x_wconf 83' lang='lat' dir='ltr'>AEolicis</span> <span class='ocrx_word' id='word_1_131' title='bbox 493 2617 537 2691; x_wconf 92' lang='lat' dir='ltr'>ad</span> <span class='ocrx_word' id='word_1_132' title='bbox 553 2617 907 2719; x_wconf 70' lang='lat' dir='ltr'>Romanaminveeia</span> <span class='ocrx_word' id='word_1_133' title='bbox 921 2615 1025 2694; x_wconf 51' lang='lat' dir='ltr'>fuist</span> <span class='ocrx_word' id='word_1_134' title='bbox 1123 2706 1128 2715; x_wconf 23' lang='lat'>⁵</span> 
     </span>
    </p>

    <p class='ocr_par' dir='ltr' id='par_1_3' title="bbox 106 2740 1179 4210">
     <span class='ocr_line' id='line_1_20' title="bbox 150 2740 1096 2848; baseline 0.004 -33"><span class='ocrx_word' id='word_1_135' title='bbox 150 2765 185 2839; x_wconf 78' lang='lat'>3.</span> <span class='ocrx_word' id='word_1_136' title='bbox 204 2740 415 2823; x_wconf 68' lang='lat' dir='ltr'>Audieritati</span> <span class='ocrx_word' id='word_1_137' title='bbox 433 2765 516 2816; x_wconf 90' lang='lat' dir='ltr'>vero</span> <span class='ocrx_word' id='word_1_138' title='bbox 532 2741 737 2848; x_wconf 74' lang='lat' dir='ltr'>scriptorum</span> <span class='ocrx_word' id='word_1_139' title='bbox 752 2760 909 2817; x_wconf 79' lang='lat' dir='ltr'>veterum</span> <span class='ocrx_word' id='word_1_140' title='bbox 925 2762 962 2818; x_wconf 90' lang='lat' dir='ltr'>et</span> <span class='ocrx_word' id='word_1_141' title='bbox 980 2768 1096 2820; x_wconf 87' lang='lat' dir='ltr'>recen-</span> 
     </span>
     <span class='ocr_line' id='line_1_21' title="bbox 106 2854 1098 2966; baseline 0.007 -28"><span class='ocrx_word' id='word_1_142' title='bbox 106 2862 229 2938; x_wconf 88' lang='lat' dir='ltr'>:iorum</span> <span class='ocrx_word' id='word_1_143' title='bbox 247 2863 311 2938; x_wconf 90' lang='lat' dir='ltr'>alia</span> <span class='ocrx_word' id='word_1_144' title='bbox 327 2863 432 2940; x_wconf 90' lang='lat' dir='ltr'>etiarn</span> <span class='ocrx_word' id='word_1_145' title='bbox 451 2864 575 2940; x_wconf 87' lang='lat' dir='ltr'>addere</span> <span class='ocrx_word' id='word_1_146' title='bbox 591 2865 686 2956; x_wconf 83' lang='lat' dir='ltr'>licet,</span> <span class='ocrx_word' id='word_1_147' title='bbox 710 2891 793 2965; x_wconf 84' lang='lat' dir='ltr'>quae</span> <span class='ocrx_word' id='word_1_148' title='bbox 810 2854 1000 2961; x_wconf 70' lang='lat' dir='ltr'>AEolismum,</span> <span class='ocrx_word' id='word_1_149' title='bbox 1027 2871 1098 2966; x_wconf 10' lang='lat' dir='ltr'>hoc*</span> 
     </span>
     <span class='ocr_line' id='line_1_22' title="bbox 106 2973 1095 3088; baseline 0.005 -25"><span class='ocrx_word' id='word_1_150' title='bbox 106 2987 162 3080; x_wconf 77' lang='lat' dir='ltr'>est,</span> <span class='ocrx_word' id='word_1_151' title='bbox 175 2973 407 3088; x_wconf 49' lang='lat' dir='ltr'>antiquam&#39;et</span> <span class='ocrx_word' id='word_1_152' title='bbox 423 2987 496 3063; x_wconf 81' lang='lat' dir='ltr'>fere</span> <span class='ocrx_word' id='word_1_153' title='bbox 511 2988 720 3086; x_wconf 71' lang='lat' dir='ltr'>primaevam</span> <span class='ocrx_word' id='word_1_154' title='bbox 730 2984 880 3064; x_wconf 76' lang='lat' dir='ltr'>Graeciae&#39;</span> <span class='ocrx_word' id='word_1_155' title='bbox 895 2991 1095 3081; x_wconf 71' lang='lat' dir='ltr'>dialenum,</span> 
     </span>
     <span class='ocr_line' id='line_1_23' title="bbox 106 3113 1096 3213; baseline 0.005 -25"><span class='ocrx_word' id='word_1_156' title='bbox 106 3114 240 3188; x_wconf 84' lang='lat' dir='ltr'><em>Homero</em></span> <span class='ocrx_word' id='word_1_157' title='bbox 255 3114 499 3190; x_wconf 86' lang='lat' dir='ltr'>vindicandam</span> <span class='ocrx_word' id='word_1_158' title='bbox 518 3113 618 3187; x_wconf 81' lang='lat' dir='ltr'>nobis</span> <span class='ocrx_word' id='word_1_159' title='bbox 633 3113 869 3213; x_wconf 79' lang='lat' dir='ltr'>persuadeant,</span> <span class='ocrx_word' id='word_1_160' title='bbox 893 3137 936 3188; x_wconf 82' lang='lat' dir='ltr'>ex</span> <span class='ocrx_word' id='word_1_161' title='bbox 959 3115 1096 3194; x_wconf 86' lang='lat' dir='ltr'>historia</span> 
     </span>
     <span class='ocr_line' id='line_1_24' title="bbox 106 3237 1097 3341; baseline 0.006 -28"><span class='ocrx_word' id='word_1_162' title='bbox 106 3238 304 3314; x_wconf 79' lang='lat' dir='ltr'>Graecaronr</span> <span class='ocrx_word' id='word_1_163' title='bbox 321 3237 548 3314; x_wconf 72' lang='lat' dir='ltr'>dialectorum</span> <span class='ocrx_word' id='word_1_164' title='bbox 566 3240 725 3336; x_wconf 87' lang='lat' dir='ltr'>repetita,</span> <span class='ocrx_word' id='word_1_165' title='bbox 749 3257 785 3341; x_wconf 86' lang='lat' dir='ltr'>et</span> <span class='ocrx_word' id='word_1_166' title='bbox 805 3237 936 3312; x_wconf 87' lang='lat' dir='ltr'>ratione</span> <span class='ocrx_word' id='word_1_167' title='bbox 957 3238 1097 3319; x_wconf 87' lang='lat' dir='ltr'>illatum</span> 
     </span>
     <span class='ocr_line' id='line_1_25' title="bbox 106 3344 1097 3465; baseline -0.001 -26"><span class='ocrx_word' id='word_1_168' title='bbox 106 3365 353 3465; x_wconf 78' lang='lat' dir='ltr'>progredionis.</span> <span class='ocrx_word' id='word_1_169' title='bbox 405 3364 580 3439; x_wconf 65' lang='lat' dir='ltr'>Profecto</span> <span class='ocrx_word' id='word_1_170' title='bbox 602 3363 697 3438; x_wconf 82' lang='lat' dir='ltr'>eninr</span> <span class='ocrx_word' id='word_1_171' title='bbox 721 3344 820 3436; x_wconf 80' lang='lat' dir='ltr'>soille</span> <span class='ocrx_word' id='word_1_172' title='bbox 836 3361 981 3437; x_wconf 83' lang='lat' dir='ltr'>diversas</span> <span class='ocrx_word' id='word_1_173' title='bbox 997 3364 1097 3438; x_wconf 84' lang='lat' dir='ltr'>Grae-</span> 
     </span>
     <span class='ocr_line' id='line_1_26' title="bbox 106 3482 1179 3587; baseline -0.001 -25"><span class='ocrx_word' id='word_1_174' title='bbox 106 3488 166 3563; x_wconf 80' lang='lat' dir='ltr'>riae</span> <span class='ocrx_word' id='word_1_175' title='bbox 190 3488 353 3567; x_wconf 73' lang='lat' dir='ltr'>dialectos</span> <span class='ocrx_word' id='word_1_176' title='bbox 370 3488 416 3563; x_wconf 90' lang='lat' dir='ltr'>ab</span> <span class='ocrx_word' id='word_1_177' title='bbox 433 3488 554 3562; x_wconf 88' lang='lat' dir='ltr'>eadem</span> <span class='ocrx_word' id='word_1_178' title='bbox 571 3489 706 3587; x_wconf 82' lang='lat' dir='ltr'>origine</span> <span class='ocrx_word' id='word_1_179' title='bbox 719 3482 848 3561; x_wconf 85' lang='lat' dir='ltr'>nemini</span> <span class='ocrx_word' id='word_1_180' title='bbox 867 3511 937 3560; x_wconf 91' lang='lat' dir='ltr'>non</span> <span class='ocrx_word' id='word_1_181' title='bbox 953 3488 1094 3563; x_wconf 84' lang='lat' dir='ltr'>constat.</span> <span class='ocrx_word' id='word_1_182' title='bbox 1174 3504 1179 3511; x_wconf 82' lang='grc'>·</span> 
     </span>
     <span class='ocr_line' id='line_1_27' title="bbox 106 3610 1098 3712; baseline -0.004 -24"><span class='ocrx_word' id='word_1_183' title='bbox 106 3611 149 3688; x_wconf 83' lang='lat' dir='ltr'>Et</span> <span class='ocrx_word' id='word_1_184' title='bbox 176 3612 304 3689; x_wconf 83' lang='lat' dir='ltr'>scilicet</span> <span class='ocrx_word' id='word_1_185' title='bbox 332 3613 418 3712; x_wconf 91' lang='lat' dir='ltr'>quid</span> <span class='ocrx_word' id='word_1_186' title='bbox 444 3613 516 3696; x_wconf 85' lang='lat' dir='ltr'>illae</span> <span class='ocrx_word' id='word_1_187' title='bbox 543 3611 649 3703; x_wconf 85' lang='lat' dir='ltr'>aliud,</span> <span class='ocrx_word' id='word_1_188' title='bbox 674 3633 782 3707; x_wconf 84' lang='lat' dir='ltr'>quam</span> <span class='ocrx_word' id='word_1_189' title='bbox 814 3635 887 3709; x_wconf 88' lang='lat' dir='ltr'>prae</span> <span class='ocrx_word' id='word_1_190' title='bbox 919 3610 951 3682; x_wconf 88' lang='lat' dir='ltr'>se</span> <span class='ocrx_word' id='word_1_191' title='bbox 984 3611 1098 3684; x_wconf 84' lang='lat' dir='ltr'>ferant</span> 
     </span>
     <span class='ocr_line' id='line_1_28' title="bbox 106 3735 1096 3835; baseline 0 -25"><span class='ocrx_word' id='word_1_192' title='bbox 106 3735 230 3817; x_wconf 84' lang='lat' dir='ltr'>indicia</span> <span class='ocrx_word' id='word_1_193' title='bbox 254 3736 466 3813; x_wconf 80' lang='lat' dir='ltr'>diversarum</span> <span class='ocrx_word' id='word_1_194' title='bbox 495 3757 653 3825; x_wconf 84' lang='lat' dir='ltr'>aetatum,</span> <span class='ocrx_word' id='word_1_195' title='bbox 683 3760 747 3835; x_wconf 90' lang='lat' dir='ltr'>per</span> <span class='ocrx_word' id='word_1_196' title='bbox 777 3760 864 3835; x_wconf 79' lang='lat' dir='ltr'>quas</span> <span class='ocrx_word' id='word_1_197' title='bbox 897 3736 986 3810; x_wconf 91' lang='lat' dir='ltr'>inter</span> <span class='ocrx_word' id='word_1_198' title='bbox 1012 3760 1096 3834; x_wconf 54' lang='lat' dir='ltr'>prof</span> 
     </span>
     <span class='ocr_line' id='line_1_29' title="bbox 106 3859 1098 3963; baseline 0 -29"><span class='ocrx_word' id='word_1_199' title='bbox 106 3862 332 3963; x_wconf 69' lang='lat' dir='ltr'>grediendum</span> <span class='ocrx_word' id='word_1_200' title='bbox 366 3889 386 3936; x_wconf 93' lang='lat' dir='ltr'>a</span> <span class='ocrx_word' id='word_1_201' title='bbox 418 3865 585 3963; x_wconf 85' lang='lat' dir='ltr'>primaeva</span> <span class='ocrx_word' id='word_1_202' title='bbox 616 3861 780 3935; x_wconf 82' lang='lat' dir='ltr'>orationis</span> <span class='ocrx_word' id='word_1_203' title='bbox 810 3860 1025 3956; x_wconf 76' lang='lat' dir='ltr'>semplicitate</span> <span class='ocrx_word' id='word_1_204' title='bbox 1053 3859 1098 3934; x_wconf 90' lang='lat' dir='ltr'>ad</span> 
     </span>
     <span class='ocr_line' id='line_1_30' title="bbox 106 3983 1098 4088; baseline -0.003 -26"><span class='ocrx_word' id='word_1_205' title='bbox 106 3987 305 4088; x_wconf 75' lang='lat' dir='ltr'>politiorum</span> <span class='ocrx_word' id='word_1_206' title='bbox 345 3987 558 4088; x_wconf 74' lang='lat' dir='ltr'>elegantiam</span> <span class='ocrx_word' id='word_1_207' title='bbox 599 3984 804 4060; x_wconf 79' lang='lat' dir='ltr'>saecolorurn</span> <span class='ocrx_word' id='word_1_208' title='bbox 844 3983 1098 4061; x_wconf 80' lang='lat' dir='ltr'>devenerunt?</span> 
     </span>
     <span class='ocr_line' id='line_1_31' title="bbox 106 4104 1102 4210; baseline -0.007 -24"><span class='ocrx_word' id='word_1_209' title='bbox 106 4112 180 4186; x_wconf 82' lang='lat' dir='ltr'>Has</span> <span class='ocrx_word' id='word_1_210' title='bbox 197 4132 314 4187; x_wconf 85' lang='lat' dir='ltr'>autern</span> <span class='ocrx_word' id='word_1_211' title='bbox 328 4112 465 4186; x_wconf 81' lang='lat' dir='ltr'>Graecae</span> <span class='ocrx_word' id='word_1_212' title='bbox 483 4112 614 4210; x_wconf 81' lang='lat' dir='ltr'>linguae</span> <span class='ocrx_word' id='word_1_213' title='bbox 633 4110 842 4185; x_wconf 77' lang='lat' dir='ltr'>mutationes</span> <span class='ocrx_word' id='word_1_214' title='bbox 860 4107 945 4180; x_wconf 84' lang='lat' dir='ltr'>dum</span> <span class='ocrx_word' id='word_1_215' title='bbox 964 4104 1102 4180; x_wconf 82' lang='lat' dir='ltr'>investi.</span> 
     </span>
    </p>
   </div>
   <div class='ocr_carea' id='block_1_3' title="bbox 923 4253 1101 4328">
    <p class='ocr_par' dir='ltr' id='par_1_4' title="bbox 923 4253 1101 4328">
     <span class='ocr_line' id='line_1_32' title="bbox 923 4253 1101 4328; baseline 0.034 -30"><span class='ocrx_word' id='word_1_216' title='bbox 923 4290 928 4298; x_wconf 82' lang='lat'><strong>.</strong></span> <span class='ocrx_word' id='word_1_217' title='bbox 961 4253 1101 4328; x_wconf 62' lang='lat' dir='ltr'>gamon</span> 
     </span>
    </p>
   </div>
   <div class='ocr_carea' id='block_1_4' title="bbox 0 0 1285 4784">
    <p class='ocr_par' dir='ltr' id='par_1_5' title="bbox 0 0 1285 4784">
     <span class='ocr_line' id='line_1_33' title="bbox 0 0 1285 4784; baseline 0 0"><span class='ocrx_word' id='word_1_218' title='bbox 0 0 1285 4784; x_wconf 95' lang='lat' dir='ltr'> </span> 
     </span>
    </p>
   </div>
  </div>
 </body>
</html>
