2550 4784
245 304 328 383 tr
357 304 708 387 ‚urrunnu
847 326 850 333 ·
932 335 980 413 35

118 504 236 564 unua:
249 483 278 559 is
292 484 344 565 est
358 483 457 576 usui,
474 504 518 565 ut
533 488 769 587 accusativum
780 493 863 591 spoli
876 493 909 570 se
923 520 984 596 pa-

142 633 209 690 uec
223 633 312 687 veto.
321 609 493 710 relinquere
512 616 744 690 communiter
763 641 857 693 cum-
869 621 986 698 adlivo

118 758 259 833 mquam
281 734 469 834 fignificat·
501 737 617 813 Video
630 740 776 838 quidem
791 745 837 819 ab
851 748 985 822 Hom

118 860 242 946 retibats
269 859 338 935 huc
360 861 456 941 sensu
483 885 554 935 non
577 861 681 940 semel
699 889 901 968 acceptum:
928 872 985 950 sed

132 984 276 1082 ubique.
327 985 429 1084 Quin
445 985 553 1061 etiam
567 987 650 1062 Isth.
668 989 769 1085 Vlll.
788 1015 870 1089 ra5.
975 1003 978 1035 ³

294 1152 348 1210 'sur
361 1169 413 1222 μιν
427 1168 476 1211 m
489 1154 591 1214 datm
604 1154 691 1214 nediu

338 1279 469 1336 anm
494 1269 604 1336 aaa&
751 1266 754 1271 ’

118 1432 161 1482 :ro
184 1407 210 1482 sr
234 1431 288 1482 res
311 1405 498 1506 postularet
522 1409 620 1486 nullo
644 1412 787 1511 negotio·
808 1414 985 1490 emendati

118 1597 119 1612 ,
143 1554 245 1610 num
260 1568 290 1626 γ.
315 1534 368 1607 uti
391 1554 429 1605 et
451 1551 498 1610 an
523 1559 589 1634 pro
612 1568 682 1625 um
709 1525 790 1613 narn
811 1540 897 1615 illud
919 1540 984 1615 ser·

123 1658 238 1732 Graeci
255 1660 342 1731 ratio
358 1659 516 1754 postulat.
542 1659 678 1735 Verum
692 1679 734 1734 ut
750 1643 847 1736 istam
860 1664 986 1738 Oeden

118 1808 142 1857 u
158 1781 354 1881 abjudicem
373 1782 546 1859 lateralia
568 1809 625 1860 me
646 1765 799 1877 adducit,
824 1787 986 1886 quodibi

118 1943 180 1999 nera
197 1908 312 1981 media
328 1908 381 1982 bis
398 1928 556 2007 correpta
567 1934 672 1983 veras.
690 1909 759 1983 scil.
779 1912 837 2009 36.
854 1930 887 1985 et
904 1934 983 1987 122.

118 2053 212 2122 atur,
238 2055 320 2107 cum
339 2054 456 2106 tamen
473 2032 599 2130 syllaba
615 2033 676 2108 ista
691 2034 784 2131 apud
805 2033 986 2111 Pindarum

132 2155 230 2244 locis,
260 2155 411 2254 aliosque
440 2156 575 2255 ubique
601 2173 735 2255 poetas,
760 2157 983 2252 producatur.

118 2316 187 2376 m
212 2281 331 2354 AEoles
355 2301 607 2381 nonnunquam
627 2278 889 2378 adspirationem
907 2282 985 2357 Vau

118 2408 183 2482 :iffe
200 2405 327 2480 exinde
342 2405 485 2503 colligo,
509 2405 606 2506 quod
623 2406 793 2491 Lacones,
810 2403 902 2477 'teste
918 2409 986 2481 He·

119 2544 224 2622 annm
239 2530 446 2605 seriberent:
473 2530 543 2606 slve
560 2530 649 2606 istud
666 2544 772 2619 earm
788 2529 986 2627 concipien-

118 2656 146 2730 it
173 2678 304 2744 aruum,
330 2655 387 2729 seu
415 2652 477 2730 ubi
500 2656 621 2730 AEoles
644 2680 688 2743 w,
714 2652 763 2729 ibi
786 2653 985 2742 Laconesn

118 2802 210 2856 rent.
260 2779 409 2892 Proinde
426 2780 571 2853 rescribo
586 2811 663 2857 unm
677 2778 805 2873 ἁγνὴ.
822 2806 853 2855 e.
873 2806 986 2875 wama.

118 2979 147 3055 h.
166 2980 194 3055 l.
217 2979 596 3078 147.--'Ae3unu

309 3141 367 3216 [lq
386 3135 756 3210 alumnumalumnum
769 3149 855 3213 mr

308 3260 412 3318 numa·
430 3255 463 3317 ‘tr
477 3261 596 3341 Σπαρτᾳ
612 3247 631 3312 s
643 3241 718 3334 auu]
740 3272 747 3281 ”

118 3411 152 3466 nt
175 3393 289 3467 Editt.
314 3397 435 3466 Oxonn.
462 3389 538 3464 satin
565 3389 734 3488 superque
760 3389 866 3465 securi
893 3398 922 3466 lu
950 3394 984 3463 in

124 3523 241 3612 ἓυρεομω
264 3519 330 3591 effe
351 3498 494 3589 brevem
516 3514 690 3611 syllabam.
742 3517 851 3613 Qlod
870 3537 985 3591 tamen

118 3645 179 3716 'esse
203 3644 324 3740 posset,
350 3644 395 3715 de
411 3640 562 3714 metricis
579 3640 679 3738 plane
695 3640 834 3736 legibus
850 3638 986 3711 concla-

118 3766 254 3842 nforet.
304 3766 420 3840 Nimis
438 3762 593 3863 profedlo
609 3784 744 3838 certum
762 3762 811 3834 est
828 3763 987 3858 syllabam

118 3897 229 3969 brevis
246 3892 364 3967 locum
381 3914 563 3990 occupare.
606 3890 729 3987 Atque
748 3887 828 3960 huic
844 3880 987 3986 quideni

118 4019 223 4094 modo
241 4040 280 4091 ut
297 4013 548 4104 subveniretur,
575 4011 747 4088 Schmidius
768 4010 855 4108 legit
871 4003 989 4103 suana:

857 4135 990 4210 Verum
