2550 4784
148 355 220 428 250
304 311 748 398 MISCELLANEA
780 314 1040 396 cumen

146 513 263 586 minus
290 505 381 579 rene
405 496 525 574 haberi
546 496 687 571 videtur
712 519 794 570 cum
820 515 966 573 mutatae
979 503 1098 602 peaepoi

144 635 249 709 tionis
275 647 352 703 tum
375 621 509 699 articuli
532 645 601 695 non
616 618 688 718 jam
706 620 846 720 repetiti
864 625 1010 698 nomine.
1047 626 1093 699 nr·

146 776 262 832 matur
286 770 403 825 autem
428 745 533 821 lectio
556 769 663 844 quam
690 745 906 843 reposuimus
932 787 948 823 a
971 784 1005 825 us
1023 785 1045 825 π
1062 783 1090 827 n
1127 741 1129 751 '

144 882 213 959 &a
232 903 277 953 ex
294 873 440 950 Thesm.
460 894 543 968 231.

193 1090 257 1150 Ec.
283 1089 372 1146 Oum
394 1105 424 1144 au
449 1098 493 1143 not
519 1085 597 1151 &ean
630 1078 707 1138 MN·
739 1077 807 1139 ΕΙΣ
832 1080 888 1139 TO
913 1079 1001 1141 ΤΩΝ
1020 1079 1082 1143 iili·
1124 1030 1129 1049 ⁴

342 1204 441 1269 ΝΩΝ
465 1202 601 1265 ΘΕΩΝ.

247 1571 519 1658 Emendattines
545 1569 585 1652 in
614 1593 1019 1656 ncnnnncusas.
1125 1648 1129 1672 ‚

193 1822 237 1896 V.
262 1843 339 1915 144.
366 1837 419 1890 lieu
435 1823 504 1890 dere
518 1819 682 1903 omninum
697 1851 723 1890 nr
738 1822 886 1909 ὖτιςφυωσ,

362 1961 446 2033 'retur
461 1976 482 2016 τ
497 1973 589 2035 ayma
603 1974 632 2013 nt
648 1944 765 2026 enidos,
789 1946 841 2019 ciet
858 1977 901 2025 m

362 2085 397 2141 Er
414 2099 485 2141 ram
501 2096 606 2163 τοιχοις
621 2090 753 2159 emona,
779 2067 897 2137 Aaron
911 2064 998 2160 mnu]
1123 2134 1129 2178 ἦ

142 2252 313 2322 meduanae
334 2279 375 2331 aa,
400 2252 474 2333 ὖμων
501 2277 532 2318 π
560 2275 646 2340 apem
659 2266 663 2272 '
677 2278 717 2330 at,
742 2251 793 2324 eise
819 2236 1086 2320 urPAooN-Uo

140 2395 293 2471 quamne
321 2365 462 2441 obsecro
492 2366 697 2439 atrociorem
729 2365 966 2441 soloecismum
992 2356 1088 2441 vidisti?

140 2497 226 2568 Hoc
255 2493 421 2592 primurn.
472 2489 610 2563 Deinde
643 2490 791 2563 alterum
820 2493 856 2563 in
886 2491 984 2566 versu
1009 2488 1094 2566 utin

140 2618 413 2715 improbandum
431 2619 538 2702 venit,
559 2615 657 2713 quod
675 2616 813 2712 dadylo
828 2618 1016 2716 anapaestus
1027 2608 1096 2708 iobii

140 2745 259 2814 ciatut.
311 2739 396 2812 Hoc
421 2762 541 2836 genus
558 2741 681 2836 utique
704 2759 775 2813 tam
792 2764 914 2837 pauca·
924 2744 960 2815 in
977 2733 1098 2815 univerit
1113 2760 1116 2765 ·

140 2863 278 2938 Comici
303 2863 436 2962 scriptis
460 2864 692 2961 reperiuntur,
705 2888 830 2961 eaque
849 2885 925 2938 tam
947 2863 1013 2938 levi
1026 2877 1099 2936 mauu

140 2991 184 3063 ad
201 3013 359 3062 normam
379 2988 462 3062 alibi
479 2986 646 3060 servatam
663 2986 849 3084 exigenda,
877 2992 919 3062 ut
936 2988 1043 3062 nullus
1060 2982 1101 3057 du

139 3115 249 3188 bitem
267 3116 353 3213 quin
372 3114 416 3195 ab
435 3113 498 3187 hac
515 3113 648 3209 pedum
666 3112 701 3185 in
718 3112 838 3186 metris
855 3114 1012 3189 iambicis
1025 3105 1101 3185 distri

139 3236 284 3310 butione
306 3255 422 3333 poetae
440 3236 549 3310 Attici
566 3235 701 3310 summa
717 3259 800 3308 cum
818 3237 988 3337 religione
1005 3253 1101 3331 tempt-

137 3380 261 3437 tarent.
312 3361 412 3434 Idem
430 3360 563 3433 dicium
581 3379 668 3459 puta
684 3362 729 3435 de
745 3363 921 3459 anapaesto
940 3356 1097 3452 tribracho

137 3475 343 3573 excipiente.
379 3476 499 3571 Qum
518 3499 593 3548 rem
612 3474 698 3549 mihi
716 3475 837 3549 videor
852 3500 924 3551 non
940 3476 1041 3550 solum
1052 3490 1098 3569 pst

139 3624 217 3677 mus
234 3595 435 3686 observasse,
459 3597 516 3672 sed
539 3596 691 3697 ejusdem
714 3599 836 3674 itidem
863 3602 1028 3675 rationem
1046 3591 1097 3666 adt·

137 3747 241 3799 cutus
258 3725 336 3798 effe.
386 3722 439 3796 Ea
463 3744 582 3796 autem
608 3747 651 3796 ex
675 3742 885 3798 accentuum
908 3748 1013 3821 quam
1030 3720 1094 3812 supa

137 3849 341 3922 tradidimus
355 3845 470 3921 indole
482 3864 586 3944 atque
598 3846 740 3944 ingenio
751 3848 902 3944 petenda
910 3848 968 3920 est.
991 3844 1091 3930 Nempe

136 3967 203 4042 hoc
216 3971 319 4068 pacto
330 3970 479 4046 efficitur
490 3989 536 4045 ut
551 3971 704 4069 proximi
722 3970 794 4047 duo
811 3990 971 4046 accentus
982 3970 1091 4154 quatlf

1020 4084 1046 4182 sy
1074 4112 1085 4129 ·
