2550 4784
457 372 663 465 (405)

10 558 28 605 ³³
61 553 155 642 iane,
183 546 366 624 verisimile
393 546 454 636 est,
479 571 587 647 quam
609 551 784 648 reliquerit
807 550 1060 654 antiquissimus

12 659 26 731 ἕ·
63 696 181 779 poeta.
230 676 279 750 Et
305 678 339 748 in
366 672 429 747 isto
450 674 584 773 linguae
599 675 723 750 saeculo
740 677 922 755 Homerus
938 682 1060 760 vixiffe

10 814 26 853 ἱ·
64 804 219 891 videtur,
243 825 315 898 quo
330 800 363 875 ei
379 821 448 874 non
464 803 611 875 omnino
625 801 819 877 exoleverit
834 805 1069 904 antiquiffima'

10 939 22 983 ἰ
64 927 286 1026 limplicitas:
313 948 467 1023 cumque
490 926 603 999 valere
626 927 807 1024 creperint,
832 952 915 1026 quae
930 931 1061 1026 postea,

10 1066 24 1109 1¹
65 1052 170 1128 letius
185 1050 221 1125 in
234 1048 295 1124 usu
311 1051 485 1124 venerint:
512 1072 595 1123 cum
609 1074 714 1147 porro
724 1074 775 1138 ea,
790 1075 873 1152 quae
885 1053 984 1151 vulgi
999 1056 1063 1129 ulu

15 1166 23 1235 ἕ
63 1175 265 1249 exciderant
281 1172 317 1246 in
333 1192 502 1272 promptu
518 1172 624 1248 fuerit
639 1198 812 1251 revocare.
862 1180 960 1279 Qrae
977 1204 1062 1254 vero

10 1316 23 1360 τ’
65 1298 164 1395 apud
189 1298 393 1371 Homerum
421 1300 464 1371 ad
490 1296 638 1372 diverses
661 1299 825 1375 dialectos
850 1300 1061 1394 referuntur,

10 1438 21 1485 2?
66 1420 148 1497 sunt
157 1423 338 1495 varietates
349 1421 534 1495 locutionis
544 1446 613 1496 non
622 1424 763 1497 direrfia
773 1427 912 1523 populis
920 1446 957 1501 et
967 1430 1064 1529 quali

10 1566 28 1618 t.
65 1545 246 1622 ediversrs
262 1545 391 1644 linguis
411 1546 544 1644 petitas,
569 1546 627 1621 sed
649 1571 731 1644 quae
754 1549 977 1641 inconstantia
996 1553 1062 1627 lina
1135 1562 1142 1581 ¹

10 1690 21 1735 :
66 1694 220 1771 guarum
236 1670 387 1771 peperit,
404 1694 486 1770 quae
502 1694 594 1746 nova
609 1672 724 1769 aliqua
738 1673 897 1770 quotidie
911 1676 1076 1779 commi-⁵

67 1797 218 1887 niseum,
242 1796 329 1869 dum
347 1794 424 1869 sane
440 1820 461 1868 a
478 1796 624 1870 rudibus
639 1796 705 1869 suis
722 1796 898 1895 principiis
922 1797 966 1871 ad
992 1798 1064 1873 ele·

10 1942 19 1987 r
65 1921 223 2020 gantiam
249 1920 482 2018 progreditur.
533 1919 582 1993 Et
602 1921 683 1994 alias
701 1919 859 2016 proferto
874 1925 962 1997 inter
976 1921 1062 1997 Ho-

10 2064 18 2107 τ
65 2045 157 2119 meri
172 2043 355 2120 felicitates
372 2045 512 2149 videtur
534 2043 632 2118 fuiil'e
656 2045 788 2144 lingum
813 2046 951 2120 Graecae
973 2062 1079 2122 con·'

10 2192 14 2233 ῑ
63 2168 167 2259 ditio,
191 2192 273 2269 quae
290 2188 366 2242 tum
384 2164 534 2257 valebat
557 2192 641 2244 cum
657 2169 842 2258 scriberetr
868 2195 939 2268 qua
954 2170 1061 2247 Musa

64 2292 185 2395 potuit
199 2312 273 2368 tam
291 2294 486 2393 magnifice,
512 2313 657 2393 tamque
672 2318 725 2369 ore
738 2292 871 2368 rotundo
885 2293 977 2394 loqui.

115 2418 230 2519 Qrod
243 2442 330 2492 vero
348 2419 496 2518 poetica:
512 2439 650 2499 tantum
664 2418 819 2507 favebat,
844 2441 913 2494 non
931 2419 979 2493 ita
994 2442 1060 2519 po·
1166 2434 1169 2439 ’

61 2542 191 2619 dierno
206 2540 281 2616 usui
297 2562 331 2617 ct
347 2544 494 2643 negotiis
509 2542 671 2617 civilibus
683 2542 911 2641 congrueban
937 2546 1062 2642 Atque

61 2668 156 2747 adeo
170 2666 281 2743 forsan
298 2669 426 2757 Attici,
453 2690 541 2767 gens
566 2692 682 2743 rerum
699 2669 918 2743 commerciis
942 2694 965 2743 a
990 2670 1061 2769 pri·

64 2794 137 2869 mis
153 2793 372 2891 temporibus
392 2812 577 2893 occupata,
598 2795 660 2892 qui
679 2794 779 2868 aliter
805 2815 950 2893 quoque
976 2816 1060 2869 con·

61 2919 212 2995 trebiam
228 2919 395 3017 loquendi
411 2923 581 2992 rationem
596 2918 816 3006 affeuabanr,
828 2919 934 2992 iidem
951 2919 1060 2996 etiam

59 3042 189 3121 formis
219 3045 370 3143 antiquis
400 3065 438 3119 et
465 3042 678 3141 simplicibus
707 3044 795 3140 iaepe
823 3041 1060 3130 adherebant,

60 3170 121 3245 vel
154 3190 223 3255 eas,
248 3191 331 3266 quae
359 3167 511 3266 antiquis
539 3190 649 3266 prope
675 3167 901 3255 accedebant,
923 3166 1060 3268 sequuti

58 3291 156 3381 sunt,
181 3291 273 3364 utin
289 3291 450 3390 plurimis
467 3292 582 3389 vulgo
598 3291 752 3367 solebant
766 3291 895 3367 Graeci.
1123 3382 1127 3389 .

112 3418 196 3513 Jam
221 3417 367 3491 demum
391 3416 543 3491 dialedlis
565 3418 610 3491 src
631 3415 803 3507 dedudiin
826 3414 928 3491 lacile
944 3417 1060 3491 AEoli·

60 3566 143 3617 cam
161 3565 245 3615 cum
263 3561 378 3617 vetere
394 3543 511 3617 Ionica
526 3562 632 3642 atque
648 3542 743 3615 illam
760 3564 843 3615 cunr
860 3559 977 3615 vetere
990 3541 1061 3613 At·
1180 3624 1183 3630 ¹

60 3667 135 3743 tica
156 3663 430 3765 conjungimur;
455 3690 520 3741 nec
543 3664 671 3741 mirum
694 3666 762 3742 effe
780 3665 920 3740 videtur
944 3663 980 3737 in
997 3666 1059 3739 Ae·

59 3796 137 3867 ritis
161 3792 385 3891 scriptoribus
414 3776 575 3891 ngicis
597 3792 693 3891 laepe
714 3810 811 3866 extra
835 3790 972 3864 Choros
998 3810 1060 3863 oc·

59 3942 202 3993 currere
217 3917 386 3992 didiones
401 3914 547 4006 ardeas,
560 3917 716 4033 paritas,
733 3917 867 4006 Ionias,
889 3920 1059 4014 (quanam

58 4042 230 4145 exempla
254 4043 420 4123 nonnulla
447 4040 550 4123 citavi
574 4042 678 4121 Parte
703 4042 821 4119 Prima
850 4038 986 4141 observ.
1015 4038 1060 4115 ad
