2550 4784
595 302 764 401 (iv)

193 517 299 591 literis
310 513 443 613 optime
459 511 866 603 neritumnrrorron
878 513 1149 594 Bracrcwaaa:
1165 542 1190 596 e
1243 608 1247 614 ,

192 663 292 763 cujus
327 664 501 763 disciplina
532 667 567 738 in
600 665 828 740 Academiam
862 663 1188 762 Cantabrigienser'n

193 812 324 887 transsit
341 836 432 885 anno
454 834 558 909 1725.
582 811 644 886 ubi
661 813 696 886 in
712 810 912 907 Collegium
930 811 1189 888 Emanualense

193 979 376 1059 cooptatus
393 961 452 1034 est.
483 960 684 1036 Undecimo
700 962 744 1035 ab
761 961 854 1034 illinc
871 984 962 1033 anno
978 959 1187 1037 sententiam

191 1109 408 1184 eruditorum
441 1110 487 1182 de
520 1110 666 1183 Paradisr
701 1110 824 1184 Amissi
857 1110 1061 1185 Miltoniani
1093 1110 1188 1185 libro

192 1256 310 1359 primo
326 1258 449 1330 Graeca
466 1257 619 1331 versione
635 1257 777 1345 donaro,
802 1279 970 1329 unacum
988 1256 1187 1330 annotatio·

193 1406 309 1492 nibus,
340 1431 360 1478 a
386 1406 418 1480 se
446 1406 595 1494 edendo,
620 1409 770 1480 tentavit
785 1404 1012 1504 Specimine'
1041 1406 1186 1505 publice

177 1555 389 1654 ,propositot
416 1556 513 1650 quod
541 1556 725 1654 Specimen
750 1554 901 1651 repetiit,
926 1572 962 1628 et
986 1556 1032 1629 de
1052 1579 1098 1629 eo
1114 1554 1186 1653 ipse

194 1705 344 1804 ingenue
358 1702 527 1803 judicium
545 1704 638 1791 tulit,
665 1704 699 1778 in
717 1703 924 1778 Praefatione
941 1701 1187 1778 Miscellaneo·

193 1880 272 1937 rum
295 1855 518 1929 criticorum.
560 1857 669 1928 Anno
691 1872 796 1950 1745,
818 1853 1037 1929 Miscellanea
1053 1854 1184 1929 critica

194 2001 314 2077 edidit.
349 2002 396 2077 Et
412 2003 505 2076 diem
522 1999 720 2101 supremum
738 2002 839 2092 obiit,
864 2005 968 2101 1766.
1001 2006 1185 2080 Nonnulla

194 2152 333 2251 reliquit
350 2154 505 2228 nondum
521 2154 625 2228 edita.
668 2153 813 2228 Dawefii
829 2154 999 2243 MSSum,
1015 2155 1079 2254 qui
1097 2154 1184 2230 mihi

193 2297 257 2374 sub
274 2302 433 2376 manibus
448 2302 509 2385 cst,
527 2301 773 2400 inspiciendum
792 2304 1029 2402 benignillime
1046 2303 1185 2379 conces-

165 2514 167 2519 .
194 2451 237 2526 fit
258 2455 313 2526 vir
338 2449 592 2538 celeberrimus,
615 2453 824 2528 chnnuus
848 2456 1028 2530 Faunae.
1079 2456 1185 2529 Prin-

195 2600 286 2697 cipia
317 2596 616 2676 Miscellaneorum
644 2604 810 2692 continet,
843 2627 924 2701 quae
954 2603 1184 2700 amplioribus

195 2750 361 2826 dodrinae
387 2754 494 2850 copiis
524 2772 644 2826 ornata
672 2754 875 2850 prodierunt
900 2756 934 2827 in
960 2754 1051 2828 libro
1072 2754 1183 2829 edito.

62 2909 65 2914 ’
195 2899 368 2975 Nonnulli
392 2900 447 2974 alii
475 2900 554 2975 libri
581 2901 688 2976 MSSi
714 2901 955 2976 conservantur
979 2902 1015 2975 in
1041 2930 1186 2996 rumam

195 3047 385 3136 Asnaum,
408 3079 442 3124 aa
464 3082 615 3141 μιᾳωυ,
632 3051 694 3148 qui
710 3050 855 3124 Dawesri
871 3049 1045 3124 librariam
1070 3047 1185 3147 supel-

194 3195 343 3270 sectilem
361 3198 473 3295 pretio
488 3200 646 3274 redemit.

244 3346 419 3420 Dawelius
435 3348 573 3422 videtur
587 3350 821 3449 Cantabrigiae
841 3366 1076 3424 commoratur
1100 3351 1182 3439 esse,

193 3520 276 3571 eum
295 3497 445 3595 partium
459 3497 567 3572 studia
578 3518 696 3573 contra
707 3499 902 3573 Bentleium
918 3500 1071 3573 maxime
1082 3499 1182 3573 arde·

194 3665 290 3733 rent;
314 3646 431 3745 etipse
443 3648 546 3722 etiarn
559 3673 602 3722 cx
615 3650 654 3723 iis
668 3647 766 3722 fuiffe
778 3651 944 3748 partibus.
985 3650 1073 3723 Huc
1084 3650 1181 3722 enirn

193 3792 428 3888 refertesoleo,
440 3800 534 3897 quod
545 3800 579 3874 in
589 3799 817 3875 Miscellaneis
825 3799 1180 3874 Criticisoccalronem

234 3996 254 4033 '
273 3964 343 4057 Hoc¹
353 3970 495 4078 Suecimen
509 4016 674 4065 memoratur
685 4001 764 4062 etiam
778 4002 807 4062 in
819 4000 930 4063 Miltoni
945 4000 1013 4061 Vita
1027 3995 1099 4080 apud
1113 3996 1178 4064 Bio-

184 4112 326 4195 {nuliam
342 4114 526 4189 Britannicam
