2550 4784
195 349 242 425 Du
258 370 416 427 umento
429 348 637 426 Mouormr
656 368 754 443 sou.
775 342 827 425 ir
842 370 931 427 our.
946 369 1032 426 utu.
1066 348 1113 447 δὲ

195 530 388 607 eruturum
404 555 488 606 cum
501 531 624 605 diverse
640 528 817 628 cujusdam
843 527 971 608 formae
987 533 1115 609 verbo-

157 677 219 729 rum
232 653 447 755 subjunctivae
463 675 500 730 et
515 657 682 755 optativae
696 656 774 731 usus
792 656 924 734 mentio
939 660 1047 734 modo
1063 659 1115 733 io-

155 779 262 869 ciderit,
283 780 369 855 libet
388 805 494 879 porro
509 781 763 879 aliquantulum
778 805 897 880 operoe
912 806 1049 872 navare,
1074 801 1117 856 ut

155 902 294 980 diffitear
320 905 458 979 istarum
480 905 672 981 formarum
696 906 890 1003 provincias
918 907 1116 983 dosiiffimiu

149 1023 231 1123 juxte
241 1052 317 1103 cum
333 1029 582 1121 indosbissumiu,
604 1050 780 1129 quantum
796 1031 954 1119 sciamus,
979 1032 1117 1130 ignotas

152 1150 262 1249 plenius
290 1178 520 1252 exponamus.
571 1156 654 1250 Jam
687 1155 750 1230 diu
781 1156 907 1254 opinor
937 1154 987 1231 est
1018 1155 1118 1253 quod

154 1300 237 1351 nemu
249 1283 388 1377 usquam
405 1280 568 1378 gentium
585 1279 766 1379 reperitur,
791 1280 879 1379 quin
893 1276 1023 1373 formas
1038 1277 1117 1365 istu

154 1422 220 1475 cum
232 1404 325 1479 certio
341 1404 489 1494 voculis,
512 1415 558 1481 sn
574 1424 672 1503 puto,
686 1422 824 1503 mmet
837 1442 893 1503 μ,
916 1400 1117 1505 quujunstou

155 1529 329 1602 ttutuudem
349 1529 477 1619 ualere,
501 1553 543 1603 ac
567 1554 631 1627 pro
654 1530 799 1621 arbitrio,
820 1548 856 1604 et
881 1526 1072 1629 promiscue
1095 1551 1118 1601 a

155 1646 317 1747 quibusque
348 1653 571 1752 scriptoribus
604 1652 757 1750 usurpari
793 1652 976 1727 existimet.
1036 1652 1117 1726 Nos

155 1772 237 1867 primi
248 1798 428 1851 monemus
444 1777 617 1853 diuersum
634 1776 758 1851 harum
775 1775 967 1855 formarum
981 1766 1080 1849 usum
1095 1798 1118 1846 a

156 1890 259 1972 emis
274 1899 469 2001 quibusque
488 1937 604 1997 „upum
622 1890 795 2000 perpetuo
814 1898 937 1976 servari
957 1896 1115 1974 solitum:

156 2012 275 2097 fimum
298 2024 420 2125 utique
441 2050 549 2124 quam
565 2046 692 2100 uocant
707 2027 898 2125 optativum
916 2022 999 2099 tuin
1014 2021 1117 2097 dietis

154 2158 185 2213 et
202 2146 354 2223 misum
383 2148 515 2223 voculis
542 2146 764 2247 conjunctam
789 2144 865 2223 non·
890 2150 1007 2223 minus
1037 2163 1118 2245 apte

155 2260 378 2364 subjuneivam
405 2274 474 2347 dici
499 2274 605 2372 posse,
629 2297 736 2372 quam
760 2274 903 2348 alteram
920 2272 1017 2347 istam
1036 2292 1118 2367 quae

154 2384 347 2489 subjunctivae
375 2400 516 2491 nomine
541 2397 608 2471 solo
632 2397 736 2473 hodie
765 2397 968 2496 insignitur:
994 2392 1117 2490 prioris

154 2532 244 2593 tuton
264 2545 348 2595 eum
372 2524 439 2596 esse
464 2521 576 2609 usum,
601 2541 643 2595 ut
665 2520 779 2597 uerbis
800 2521 845 2596 de
870 2541 1031 2618 tempore
1046 2540 1118 2589 non

154 2637 198 2717 u‘u
219 2638 398 2744 praeterito
419 2650 588 2745 usurpatis
616 2644 857 2745 subjungatur,
883 2644 1006 2741 istique
1028 2641 1119 2714 adeo

151 2759 333 2845 hunorum
364 2770 515 2870 tempori
543 2772 777 2847 AMAREM
805 2770 1030 2868 respondeat:
1069 2765 1117 2841 ul·

148 2904 234 2967 strum
257 2915 378 2969 contra
398 2896 513 2969 verbis
538 2920 607 2970 non
629 2896 692 2989 nisu
712 2894 889 2999 presentis·
908 2893 963 2967 uei
988 2888 1118 2967 futurae

142 3010 381 3113 fignificrtionis
396 3017 574 3118 subjungi,
599 3041 704 3118 atque
728 3020 825 3095 alteri
845 3004 900 3093 isti
923 3013 1018 3112 apud
1041 3014 1117 3085 Ro·

138 3162 246 3217 mutuos
258 3143 409 3241 tempori
422 3144 585 3219 AMEM
603 3146 816 3241 respondere.
841 3144 982 3216 Formae
996 3134 1119 3210 utrius·

131 3286 192 3365 que
205 3290 289 3343 cum
305 3270 431 3343 vocula
445 3281 488 3351 tra
502 3267 695 3367 conjunsiae
711 3270 831 3343 decem
852 3288 897 3339 ex
915 3260 1119 3359 Anstopbane

126 3392 296 3471 tdductm
311 3395 497 3492 exempla:
859 3386 881 3397 ”

120 3590 216 3667 Plut.
234 3612 298 3691 90.

163 3778 466 3805 ——e—
482 3749 495 3815 i
512 3754 544 3815 ἡ
558 3754 813 3835 ,eunonium
827 3768 925 3828 πιφλον

165 3880 241 3951 INA
254 3904 301 3967 μ
318 3874 686 3953 MArIrNttzxosMI
700 3897 787 3943 ututur
801 3878 918 3965 pesbm'·

1017 4043 1112 4117 Plut.
