2550 4784
127 334 131 339 ’
264 323 312 401 26
401 321 851 399 MISCELLANEA
887 323 1171 406 CRITICA.¹

261 509 382 604 Atque
403 503 470 576 hoc
492 502 637 601 quidem
663 493 738 576 bini
763 504 876 581 versus
894 504 994 604 supra
1010 508 1150 586 laudati
1168 512 1254 612 aspi.

258 631 367 704 ciunt.
419 629 488 700 Sed
508 627 574 703 boc
592 627 718 701 obiter.
767 628 909 705 Deinde
925 651 1060 722 autern,
1087 637 1248 727 versuum,

257 757 293 834 in
310 755 440 857 quibus
457 752 646 840 versamur,
662 770 730 827 tres
746 755 877 853 priores
893 776 1035 852 oportet
1050 759 1124 835 effe
1137 762 1250 837 undo

258 880 444 977 casyllabos
461 877 667 978 Phalaecios2
691 875 884 975 cujusmodi
899 879 958 967 est,

354 1029 442 1126 Quoi
457 1027 534 1103 dono
551 1026 683 1123 tepidam
699 1050 816 1101 novum
832 1027 992 1103 laeuus».-

256 1194 421 1268 ultintum
439 1208 556 1265 autem
573 1188 843 1277 istiurfimilem,

353 1343 386 1416 T
381 1343 556 1440 raduntque
581 1364 663 1414 tccas
678 1340 830 1413 machina
847 1344 997 1416 carinas:
1069 1365 1074 1374 '

253 1534 337 1587 cunr
365 1527 483 1583 tamen
516 1529 652 1607 eorum,
686 1525 792 1605 prout
821 1505 925 1587 hodie
954 1508 1239 1605 repraesentantur,

256 1636 373 1711 nullus
391 1634 426 1707 in
443 1630 640 1737 quamlibet
657 1629 760 1705 metri
776 1628 924 1729 speciem
942 1632 1054 1705 cadat.
1095 1635 1237 1731 Denique

252 1758 524 1859 quotiescunque
541 1755 691 1828 occurrit
712 1773 917 1852 portentum
934 1757 1118 1850 Phalaecus,
1143 1759 1232 1858 loqui·

159 1894 160 1898 ’
253 1904 311 1955 tur
329 1882 459 1980 ubique
475 1880 685 1952 Terentianus
697 1902 766 1951 non
773 1875 848 1977 jam
862 1879 906 1953 de
919 1880 1059 1980 integro
1071 1885 1229 1982 phalaecio,

252 2005 309 2078 sed
338 2004 383 2076 de
412 2022 526 2076 metro
545 2025 591 2075 ex
617 2002 730 2076 tribus
758 2002 919 2076 trochaeis
939 2006 1131 2099 constante,
1154 2005 1226 2106 quod

251 2129 524 2227 hendecasyllabi
543 2128 704 2202 Pnalaecii
722 2147 857 2224 partein
875 2129 1048 2204 duntaxat
1063 2130 1223 2206 constituit

252 2255 337 2329 Hoc
354 2275 473 2327 autem
496 2252 599 2326 metri
622 2275 734 2347 genus
758 2276 939 2350 nunquam
955 2254 1161 2346 Phalerico,
1181 2270 1234 2327 ou·

250 2380 336 2454 dum
368 2377 554 2457 Phalacrum<
577 2373 792 2471 appellatum
825 2377 886 2451 est.
936 2378 997 2451 Sat
1025 2381 1150 2478 opinor
1164 2376 1220 2477 jam

249 2506 383 2576 diorum
413 2498 475 2585 est,
501 2499 593 2571 unde
611 2499 763 2573 constare
780 2505 881 2599 poffit
900 2503 1029 2595 versus,
1056 2507 1102 2580 de
1115 2507 1223 2604 quibua

249 2626 377 2721 agitur,
397 2622 532 2695 medica
550 2648 655 2696 manu
673 2625 838 2723 indigere.
891 2629 1002 2703 Nunc
1027 2633 1092 2706 tibi
1113 2631 1223 2705 nullam

249 2749 380 2823 haerete
405 2771 532 2845 aquam
555 2749 662 2821 velim
688 2748 775 2846 quin
797 2751 1080 2849 srmplicissimanr
1102 2750 1228 2832 medici·

249 2897 330 2946 nam
348 2873 526 2959 adhibeat,
549 2872 710 2971 adeoque
722 2875 862 2949 securus
878 2880 1025 2954 omnino
1043 2882 1210 2957 rescribo:
1262 2988 1266 2999 ι

350 3047 381 3096 1.
408 3024 469 3097 Cui
485 3015 593 3095 nomen
609 3047 726 3123 quoque
741 3024 891 3123 phallieo
907 3024 1084 3106 dederant:

346 3171 381 3220 2.
405 3144 572 3244 Coqungit
577 3148 645 3238 fibi
660 3150 827 3246 pltallicos
844 3151 1019 3225 trochaeos:

347 3287 381 3358 3.
407 3263 479 3355 Post
494 3265 550 3336 boc
566 3265 715 3362 phallica
730 3265 768 3340 de
785 3270 887 3341 tribus
903 3271 1073 3347 trocheis:

343 3409 378 3476 4.
406 3387 447 3458 In
453 3384 523 3475 fine
539 3390 662 3486 versum
677 3391 835 3488 phallicio
845 3394 1019 3492 sonantem.

245 3546 402 3643 histoph.
422 3550 551 3624 Acarn.
571 3554 656 3629 260.

341 3712 402 3799 Epo
418 3708 590 3779 amatur
606 3739 706 3793 ᾳωιω
723 3740 756 3780 το
773 3719 996 3783 ΦΑΛΛΙΚΟΝ

240 3861 350 3934 Vides
369 3860 445 3958 jam
478 3888 551 3938 uno
584 3869 728 3961 negotio
755 3890 906 3966 quatuor
932 3873 1050 3947 versus
1079 3895 1235 3974 portento

241 3984 341 4058 sitnol
359 3986 523 4065 liberatos
538 4012 578 4069 ac
596 3995 749 4068 numeris
766 3993 832 4070 suis
849 3997 1036 4075 restitutos.
1077 4005 1238 4080 Metrurn

1125 4153 1241 4205 autem
