2550 4784
140 122 200 211 sag
282 108 1039 227 Miscunnnuuacn,1s1en

139 299 392 393 Demmffiquo
402 312 503 369 natus
516 290 621 367 fuerit
633 298 750 384 Varro,
765 320 857 368 nunc
872 295 1140 397 dispiciendum·

139 422 220 520 Ipse
243 441 362 500 autem
385 420 431 494 de
455 421 499 507 se,
525 419 630 519 primi
654 420 697 493 de
724 444 761 495 rc
788 420 910 494 rustica
927 420 1006 495 libri
1029 418 1154 502 initio,

139 546 217 621 haec
234 545 350 637 habet.
395 553 421 588 “
439 547 567 618 Annus
584 545 679 653 enim
696 547 885 643 otiogtfimus
900 550 1065 621 admonet
1080 563 1164 620 me

140 679 167 717 “
184 692 224 747 ut
239 672 383 746 sarcinas
399 670 562 768 colligam
575 690 655 743 ante
668 694 775 767 quam
794 672 1020 766 proficiscare
1034 665 1169 745 vita.”

139 794 377 895 Demus-jam
405 819 489 869 eum
518 819 538 867 e
570 794 639 868 vita
664 793 859 891 profectum
890 796 957 868 effe
985 793 1056 894 ipso
1078 789 1169 867 illo

138 923 320 1020 otingefimo,
345 945 418 1020 quo
430 919 505 1016 jam
522 937 601 995 tum
618 898 799 1006 scribebat,
824 944 926 993 anno.
976 920 1063 1028 inde
1079 940 1169 992 na-

139 1064 220 1122 tum
243 1046 450 1122 habebimus
468 1070 559 1119 anno
577 1043 660 1136 646.
688 1044 754 1116 hoe
771 1043 916 1118 estante
935 1063 1056 1117 natum
1073 1047 1169 1118 Ca-

140 1170 250 1243 tullum
277 1175 370 1243 21⁰⁰.
399 1187 479 1241 ante
505 1170 687 1244 Lucretium
719 1176 807 1242 11⁰⁰.
839 1168 1013 1241 Fraudem
1044 1167 1169 1240 vide.

139 1311 198 1369 tur
229 1293 344 1369 feciffe
372 1293 449 1387 viro
482 1293 537 1367 Cl.
570 1293 669 1391 quod
698 1313 779 1368 ante
808 1298 980 1367 Varronem
1010 1286 1169 1382 obieris

138 1418 306 1494 Lucretius
322 1441 429 1493 annos
449 1436 510 1514 243
537 1417 684 1492 Catullus
701 1439 758 1492 η.

187 1680 275 1800 Peg.
296 1720 353 1800 77.
381 1698 405 1771 l.
425 1698 490 1771 ult.

236 1824 305 1899 Nil
315 1837 421 1898 autem
437 1820 544 1917 officiet
558 1821 750 1917 temporibus
763 1819 955 1920 oiciffltudo]

136 1950 194 2053 'Ae
209 1974 302 2063 enim
320 1970 540 2071 temporibus
559 1967 667 2069 usque
687 1970 775 2044 adeo
798 1971 906 2044 officit
928 1970 1054 2044 vocula
1076 1985 1147 2044 au-

138 2112 214 2186 tem,
237 2116 279 2173 ut
303 2097 407 2173 lectio
429 2098 504 2171 haec
529 2097 566 2168 in
589 2096 720 2170 nullam
748 2099 850 2170 metti
868 2093 1012 2194 speciem
1028 2097 1138 2170 cadat·

138 2219 200 2295 Tu
230 2246 315 2296 vcro
342 2221 440 2295 istam
466 2220 645 2306 voculam,
678 2244 760 2319 quae
788 2221 832 2294 ad
859 2221 1060 2294 sententiam
1089 2210 1132 2292 nil

137 2345 333 2445 quidquam
358 2341 507 2432 confert,
533 2343 696 2443 deinceps
719 2345 916 2436 delendam,
944 2371 984 2420 ac
1004 2346 1126 2421 versun

138 2468 227 2544 adeo
242 2469 287 2542 ad
304 2490 463 2541 normam
482 2468 632 2543 ionicam
649 2468 862 2568 exigendum
880 2473 1042 2545 curabis:

236 2597 305 2675 Nil
316 2597 424 2696 ficiet
439 2600 626 2696 temporibus
642 2597 825 2695 oiciffitado.

134 2746 254 2848 *Siquis
272 2768 390 2824 tamen
406 2748 587 2843 nobiscum
600 2775 724 2849 parum
739 2748 887 2827 sentiens
899 2750 1048 2826 retinere
1064 2772 1132 2825 ma·-

137 2872 180 2948 lit
203 2877 367 2950 voculam
390 2856 506 2966 autem,
532 2875 560 2949 is
590 2899 660 2954 non
687 2875 912 2953 incommode
936 2875 1055 2973 legere
1079 2898 1138 2974 po·

139 2998 222 3074 terit
234 3026 247 3073 .·

236 3120 305 3197 Nil
315 3137 422 3213 autem
438 3121 553 3229 oberit
566 3126 754 3221 temporibus
769 3122 953 3232 viciffltudo.

187 3396 218 3477 P
265 3407 355 3479 .8o.
380 3400 405 3477 i.
427 3427 442 3477 1
475 3460 483 3477 .

218 3426 304 3604 aiiic
319 3553 433 3628 quoque
447 3429 752 3623 iuranoterstnilis
767 3552 925 3632 senonen
940 3528 1093 3607 videtur:

236 3653 299 3742 sea
312 3655 430 3732 differt
444 3654 512 3746 illo,
537 3657 651 3754 versus
661 3655 759 3755 quod
769 3655 878 3752 portio
888 3658 1000 3752 prima
1016 3646 1071 3750 est,

202 3876 205 3881 1
237 3775 452 3883 Illesaquaem
476 3779 708 3885 alioqoesonul
721 3778 880 3881 quodlege
895 3782 1038 3891 uncto]
1049 3878 1156 3979 Agit
