2550 4784
508 336 524 429 (
572 308 694 405 xxnix·
732 332 746 420 )

124 528 222 614 Nem
239 526 277 609 id
304 516 386 606 sane
411 527 456 602 ab
479 523 583 627 hujus
608 527 771 604 editionis
794 526 950 607 instituto
973 532 1125 614 alienum
1188 585 1191 592 -
1229 520 1233 527 ¹

128 702 212 774 nat,
239 679 340 780 quod
358 678 393 752 in
410 698 465 768 co,
488 680 678 778 praecipue,
695 679 817 754 versari
832 682 941 772 volui,
960 703 1012 774 ut,
1029 687 1127 788 quod

130 834 171 911 de
190 854 274 908 meo
289 828 396 928 ipsius
410 825 516 918 foret,
533 830 698 904 nonnulla
713 828 895 928 insigniora
912 828 1052 908 Criticte
1068 858 1127 910 ca·

131 980 203 1088 pite
219 982 257 1058 ln
274 981 330 1057 his
346 972 579 1052 Miscellancis
595 978 746 1054 indicato
757 979 948 1058 illustraret.
984 981 1128 1087 Nempe

130 1132 315 1234 inscriptis
327 1149 486 1205 veterum
504 1102 732 1204 ementiendis
745 1130 895 1206 multum
908 1131 1047 1207 interest
1062 1133 1129 1208 ob·
1237 1136 1240 1147 '

129 1278 286 1371 servcll'c,
310 1298 401 1378 quot
416 1279 525 1353 literae
544 1276 692 1353 solerent
711 1279 912 1378 permutari.
962 1279 1130 1357 innume·

131 1415 328 1506 risenirnin
336 1424 423 1502 locis
434 1408 633 1502 librariosin
642 1448 793 1504 errorem
804 1428 942 1504 lnduxit
950 1424 1129 1506 literarum

130 1577 337 1667 fiorilitutln
358 1597 399 1652 et
416 1577 542 1652 vitium
565 1576 671 1654 etiarn
694 1579 955 1656 enunciationis.
1005 1581 1131 1682 ltaque

130 1728 280 1806 Μ
307 1724 534 1826 oenjeuuras,
556 1750 645 1828 quus
670 1729 900 1823 narraverim,
925 1731 997 1832 egi,
1022 1751 1064 1807 ut
1084 1732 1132 1813 nd

133 1876 214 1955 isar
233 1878 389 1955 rationes
413 1898 626 1968 revocarem,
650 1897 688 1955 et
702 1898 791 1977 quot
812 1882 1012 1983 probabiles
1035 1883 1131 1961 vide·

129 2032 271 2120 moun,
292 2028 515 2119 coniuncte,
538 2029 623 2104 locis
639 2016 806 2104 similibus
822 2031 1041 2131 comparatis.

186 2213 301 2292 Aliud
318 2233 438 2290 nutem
454 2215 503 2290 est
516 2216 560 2289 de
572 2204 644 2313 quo
652 2210 817 2290 lesionem
831 2214 938 2290 velim
952 2219 1135 2295 certiorem

132 2364 263 2444 facere.
285 2368 385 2442 Cum
399 2368 471 2443 vim
485 2365 673 2441 verborum
687 2366 845 2466 pluribus
858 2366 893 2440 in
909 2364 993 2441 locis
1010 2391 1054 2443 ex
1068 2367 1138 2443 ori·

138 2516 267 2615 ginutn
286 2515 418 2592 rc'tione
434 2516 548 2592 conati
565 2510 734 2591 fuerimus
759 2514 940 2611 explicare,
966 2534 1072 2616 atque
1091 2539 1137 2592 ex

134 2663 289 2765 profeffo
317 2686 352 2741 et
384 2667 498 2742 obiter
523 2664 736 2742 differuerim
765 2666 809 2742 de
838 2666 900 2742 usu
928 2670 1136 2767 Digamma·

139 2815 223 2892 tiore
238 2816 407 2891 dostrinae
424 2818 458 2891 in
477 2816 660 2893 uastandis
681 2813 858 2915 utriusque
880 2817 1015 2916 linguae
1031 2819 1138 2920 origi·
1181 2799 1185 2808 x

140 2967 262 3058 nibus,
288 2967 334 3043 de
359 2968 553 3065 repetendis
578 2991 650 3041 non
675 2983 813 3040 tantum
839 2965 1045 3041 Latinarum
1072 2992 1139 3042 vo·

137 3138 227 3193 cunt
244 3116 373 3218 etyrnis
397 3143 417 3192 a
441 3117 580 3205 Graeca,
606 3114 662 3191 sed
684 3115 888 3191 Graecarum
905 3118 1010 3191 etiam
1035 3117 1140 3193 aLa·

137 3269 214 3344 tina
238 3267 415 3355 dialesl03
440 3267 485 3343 dc
509 3264 691 3362 inceptivis
714 3284 750 3341 et
773 3265 918 3340 adscitiit
943 3230 1071 3355 literis3
1096 3268 1141 3343 dc

140 3414 318 3490 'crtoribus
340 3414 376 3490 in
401 3413 628 3513 Etymologia
649 3412 734 3487 ortis
759 3439 803 3489 ex
828 3417 943 3489 minus
965 3415 1142 3514 perspcsls

146 3558 430 3633 terminationum
470 3556 626 3643 ratione;
668 3556 821 3655 denique
853 3557 896 3631 de
916 3556 1143 3653 ſsmplicifflmit

150 3704 314 3780 valorum
333 3704 466 3801 formis,
491 3729 510 3779 a
540 3700 666 3801 qulbus
690 3721 814 3779 caetera
835 3705 1078 3780 deducuntur:
1106 3707 1144 3782 Si

156 3848 229 3944 quis
260 3851 305 3924 de
340 3848 592 3947 simplicissimis
634 3845 721 3922 histo
758 3845 880 3923 formis
913 3849 1014 3946 pluro
1043 3853 1144 3942 velit,

160 3994 349 4073 Leuuseu
370 3997 500 4073 librum
521 3997 622 4072 cocu
643 4018 760 4098 nuper
783 3994 919 4072 editum
943 3997 988 4074 de
1014 4000 1147 4073 Analo-

1091 4167 1150 4242 8¹²
