2550 4784
381 354 442 461 itt
493 355 827 431 Pruonnum.
1050 362 1098 460 67

118 558 149 610 m
166 537 294 636 primo
307 533 384 620 stat,
404 558 493 625 „mox
511 536 645 634 impetu
662 533 795 609 fertur:
822 535 877 609 hic
896 537 997 617 instar
1014 561 1100 617 rotae

118 640 320 746 solubiiiom
343 660 401 767 ille
418 661 545 734 tardior
557 661 773 759 firmiorque:
801 660 857 737 hic
875 687 920 738 ex
939 666 1009 739 alto
1026 662 1100 739 des-

118 784 241 877 cendit,
267 784 326 861 ille
341 807 387 857 ex
404 783 528 889 humili
545 784 701 883 insurgit.
738 787 834 882 Qrae
851 810 965 863 tame-n
983 792 1102 865 omnia

121 908 282 1009 nonsatis
305 906 405 983 foisse
425 932 488 982 cur
504 909 640 1006 dastylo
660 910 851 1011 anapaestus
866 919 1017 1002 aretusa,
1040 939 1102 987 cx·

125 1024 198 1113 ¹'tude
210 1033 343 1135 liquido
358 1032 499 1123 constat,
524 1034 619 1132 quod
640 1032 750 1108 versus
775 1034 997 1133 anapaesticus
1021 1036 1103 1109 dac·

134 1155 231 1254 mlum
251 1180 324 1232 non
348 1156 462 1231 minus
486 1181 594 1256 quam
616 1158 807 1255 spondeum
830 1160 1037 1243 commodus
1063 1183 1102 1232 ac

123 1281 248 1375 ‚pestus
278 1278 457 1379 receperit.
505 1262 601 1380 Qua
628 1280 777 1357 secundo
811 1305 831 1354 a
862 1282 939 1379 viro
967 1283 1103 1358 erudito

140 1382 220 1478 illan
236 1403 313 1477 sunt
335 1402 527 1485 naturalem
555 1405 644 1478 inter
665 1394 821 1495 iambum
848 1425 884 1483 et
909 1409 1101 1483 trochaeum

142 1532 282 1607 nnuma
294 1526 403 1601 nihilo
415 1528 525 1633 magis
538 1529 729 1629 attingunt,
743 1554 850 1628 quam
863 1528 992 1635 sabula,
1006 1534 1102 1633 quod

141 1643 225 1740 aiunt,
247 1651 291 1726 de
306 1654 406 1727 Remo
421 1671 458 1726 et
474 1652 619 1728 Romulo.
669 1652 748 1726 Nec
766 1679 849 1729 veto
865 1656 889 1728 fi
905 1658 961 1728 vel
983 1683 1043 1754 per
1068 1657 1101 1731 se

142 1767 296 1869 instetur,
320 1776 412 1851 reue
430 1774 464 1849 se
488 1775 593 1850 habet
611 1774 677 1848 viti
689 1777 818 1851 erudiri
836 1784 1101 1878 argumentatio.

142 1890 234 1975 stride
253 1902 348 1975 enim
370 1900 415 1974 ab
438 1898 588 1972 invicem
606 1900 762 1997 dignosci
786 1904 970 1999 potuissent
990 1905 1102 1976 versus

141 2014 283 2099 sobicus
307 2044 345 2098 et
366 2023 572 2112 trochaicus,
597 2024 696 2097 srvel
717 2023 774 2096 hic
801 2025 946 2113 iambos,
973 2028 1027 2099 vel
1046 2027 1102 2099 ille

136 2144 286 2223 emme
304 2147 506 2223 exclusisset.
556 2148 762 2245 Utrumque
777 2171 861 2221 vero
882 2151 926 2229 td
946 2173 1102 2231 commo·

134 2264 206 2347 dm
227 2270 307 2347 setin
330 2268 512 2347 discrimen
534 2244 745 2370 ieutiquam
771 2267 842 2349 suit
867 2271 1102 2346 necessarium.

129 2388 226 2469 docui
244 2395 342 2470 enim
355 2395 497 2470 obsecro
519 2414 588 2471 'non
613 2394 814 2495 inprodivi
833 2392 888 2469 est
912 2392 1001 2467 inter
1026 2416 1102 2467 ver·

124 2510 193 2595 sim
213 2518 435 2618 daetysicum,
458 2515 652 2618 cujusmodi
679 2519 730 2595 est
749 2518 925 2606 heroicus,
956 2536 995 2591 et
1023 2538 1102 2590 ana·

121 2640 293 2739 afflatur
323 2641 556 2741 dignoscere?
603 2642 717 2741 Atqui
749 2641 847 2717 vesun
878 2639 1102 2739 antpaesticus

119 2766 293 2866 dactylum
311 2767 514 2865 neutiquam
527 2767 697 2843 exc-ludit.

162 2893 387 2969 serentium
418 2917 454 2990 p.
485 2898 541 2983 84.
575 2915 620 2964 ex
650 2870 891 2963 emendatione
920 2887 1031 2961 nostra
1059 2886 1104 2959 sc

118 3016 349 3119 disputantem
367 3015 582 3116 reperimur:

160 3187 257 3287 5⁵21&
263 3192 285 3263 ἕ
309 3212 369 3265 non
383 3189 534 3269 trochaeus
550 3203 721 3283 temporum
736 3187 776 3280 est
792 3208 876 3285 aeque
891 3186 1019 3259 trium?

160 3313 247 3407 Est.-
265 3312 326 3408 [αἱ
337 3314 471 3389 trocheo
486 3313 578 3411 longa
589 3316 682 3407 prior
698 3311 738 3402 est
746 3309 883 3404 syllaba,

160 3441 278 3517 Brevis
291 3451 395 3513 aurem
409 3437 533 3537 iamim
559 3434 650 3532 longa
661 3435 749 3531 poss:
776 3439 826 3508 cui
839 3457 899 3505 non
909 3418 1009 3527 potes

157 3562 304 3660 lamam
319 3561 467 3641 trocbaeus
473 3557 606 3656 subdere
621 3574 651 3631 et
667 3559 790 3631 brevem
799 3559 889 3654 saras,

157 3689 266 3765 Brevi
272 3687 439 3786 sequente3
465 3687 539 3781 quio
546 3681 592 3773 fit
609 3683 666 3757 hoc
681 3683 824 3755 ionicum.

156 3812 217 3891 En
232 3835 287 3890 tur
303 3808 407 3887 iambo
418 3832 484 3901 ¹non
499 3808 653 3912 trochaeus
661 3805 802 3905 seruiat.

118 3985 198 4065 Esto
211 4004 297 4062 vem
312 3985 492 4062 ionicum:
518 3982 605 4080 quid
624 4000 702 4056 torn
719 3977 863 4078 postea?
905 3972 941 4049 Si
959 3975 993 4045 in
1011 3968 1108 4043 versu

568 4107 630 4180 12
685 4106 693 4114 '
1028 4116 1106 4164 ana·
