2550 4784
399 326 728 464 Ι(452)

183 548 223 621 Ρ.
247 546 343 647 197]
379 546 437 621 De
463 544 552 619 binis
578 548 647 621 iliis
675 544 825 643 regulis,
852 568 945 643 quas
973 546 1114 639 Darnefies

135 668 263 753 statuit,
290 670 356 741 hoc
373 668 407 740 in
424 671 588 740 memoria
604 670 800 742 tenendum
820 668 886 753 est,
914 692 1038 765 nempe
1045 674 1114 765 μὲν·

136 816 202 863 rem
217 794 261 865 ad
274 790 440 889 prosodiae
457 793 623 863 rationem
640 816 659 863 a
679 792 814 863 Comitis
839 790 1012 864 servatam
1018 792 1115 889 filu·

136 914 222 987 modo
244 916 415 1013 pertinere
431 946 442 995 ς
464 912 600 985 alteram
619 936 703 986 vero
721 936 758 985 et
773 914 920 987 Comites
944 928 977 987 et
991 914 1116 1011 Trqim
1156 1005 1158 1027 Ι

137 1040 319 1135 respicere:
347 1036 399 1111 uti
415 1036 484 1134 ipse
502 1036 636 1109 monuit
651 1036 820 1124 Dawestus
836 1060 876 1132 p.
896 1058 986 1129 204.
1025 1038 1115 1137 Quod

137 1184 208 1233 non
240 1160 416 1233 attendiffe
449 1158 587 1231 videtur
616 1156 779 1251 Piersonus
809 1160 856 1231 ad
884 1164 991 1235 Mer.
1019 1188 1052 1261 p.
1068 1182 1114 1235 an

136 1280 268 1379 quique
285 1284 371 1355 adeo
387 1281 435 1354 ibi
453 1282 540 1353 dixit
558 1304 625 1353 non
643 1304 753 1377 pauca
775 1280 829 1353 isti
845 1282 978 1381 prirnae
994 1284 1116 1375 Damni

136 1404 269 1499 regulae
282 1402 451 1477 adversari
467 1404 628 1499 exempla
636 1404 729 1499 apud
742 1402 863 1499 Portas
874 1403 1015 1477 Atticos.
1039 1404 1116 1477 Cum

137 1522 306 1620 profesto,
332 1545 373 1597 ut
392 1525 572 1615 Dawestarn
598 1524 764 1609 refellant,
789 1526 963 1623 exempla
994 1550 1059 1599 non
1083 1548 1118 1599 ex

133 1647 235 1739 poetis
266 1650 380 1721 Atticis
404 1650 553 1739 aniversts
577 1648 633 1721 sed
659 1671 704 1721 ex
732 1647 868 1721 Comitis
881 1646 965 1745 solis
987 1648 1118 1745 petenda

138 1768 225 1843 sunt.
253 1772 354 1856 Loci,
382 1794 470 1867 quos
500 1770 645 1843 adduxit
668 1769 809 1861 Pierson.
835 1754 883 1843 ere
912 1770 1117 1869 Arissaplm,

141 1891 177 1963 in
217 1892 348 1989 quibus
388 1900 475 1989 alpes
513 1894 707 1983 adhibetur,
748 1916 981 1991 quorumque
1020 1894 1117 1993 proin

141 2012 222 2101 diae,
240 2011 446 2099 ¹secundnm
479 2016 634 2111 regulam
665 2014 759 2089 illam
793 2016 840 2087 de
870 2018 1005 2091 Cornicis
1029 2014 1117 2090 tradi·

130 2155 228 2225 tam,
251 2142 325 2230 alpe
341 2162 410 2211 non
427 2137 635 2225 satisfaciet,
660 2136 774 2211 favere
791 2140 946 2229 Dawefio
962 2140 1115 2217 videntur.

140 2264 228 2335 -A
245 2264 390 2351 Dawefio
407 2287 489 2335 veto
506 2262 563 2334 ille
586 2264 676 2335 rene
699 2264 930 2353 emendatum
958 2272 1011 2361 (p,
1033 2261 1114 2363 199.)

140 2386 293 2481 Aristopb.
318 2385 446 2459 Ecclel.
472 2410 506 2457 v.
525 2390 607 2477 384.
631 2404 702 2460 om
728 2390 885 2461 elime'
908 2390 977 2473 nni',
1002 2412 1064 2486 pro
1082 2404 1113 2463 ο.

128 2510 255 2583 anea?
268 2514 348 2581 enin.
365 2507 451 2597 ¹dicit
467 2508 510 2581 ad
528 2506 705 2581 Herodiani
719 2506 871 2609 Excerp.
900 2533 937 2607 p.
955 2512 1042 2602 461.
1064 2507 1112 2581 ubi

142 2630 340 2707 Herodianus
364 2630 410 2705 ait
435 2646 551 2707 elisan
580 2632 625 2705 de
640 2631 769 2729 futuro,
794 2648 959 2735 ennpm
980 2636 1023 2707 de
1041 2650 1112 2731 pre·

140 2756 233 2849 terite
249 2753 401 2827 adhiberi
418 2752 563 2849 solitum.

194 3000 233 3089 P.
256 3006 335 3097 198.
360 3002 384 3073 l.
403 3022 438 3096 3.
455 3003 500 3076 ab
516 3002 593 3099 int]
617 3002 745 3077 Contra
760 3001 890 3075 sedan
913 3022 952 3077 et
968 3000 1113 3079 scholul-

142 3144 213 3195 tam
229 3123 313 3199 lacit
328 3130 452 3211 Maris,
475 3127 538 3222 qui
559 3154 670 3211 mn
689 3126 861 3213 attribuit,
889 3150 961 3202 non
987 3156 1111 3217 em,

140 3246 197 3323 sed
213 3263 341 3341 lanarius
351 3242 488 3323 Aerem.
506 3248 583 3320 vide
597 3248 749 3339 Lexicon
764 3250 929 3323 Atticum
948 3250 995 3327 V.
1018 3274 1113 3327 muter

73 3364 79 3371 ’
140 3390 176 3441 et
192 3368 311 3442 confer
326 3371 369 3444 V.
385 3374 517 3447 marlot.
543 3371 623 3443 vide
640 3372 750 3443 multa
777 3370 845 3443 huc
866 3374 1071 3469 pertinentia
1086 3373 1112 3443 in

139 3490 271 3567 observ.
288 3494 330 3565 ad
343 3494 463 3590 glolias
479 3494 515 3567 in
527 3495 662 3589 Oppiae.
681 3493 843 3567 Halieue.
862 3496 910 3587 L.
923 3498 971 3569 V.
994 3496 1112 3586 164.in

141 3616 285 3693 Miscell.
302 3614 446 3689 Observ.
463 3618 509 3689 T.
526 3617 590 3692 tx.
609 3642 645 3713 p.
658 3620 725 3711 pl.
760 3616 875 3705 Attici
887 3642 974 3693 vero
988 3618 1113 3701 suerunt

140 3769 270 3829 oanan,
293 3754 405 3835 nangae
419 3739 486 3811 five
499 3770 586 3829 μιωι,
607 3757 645 3809 et
659 3771 784 3833 rumpe,
813 3759 855 3812 ut
880 3743 1055 3839 monitum
1073 3736 1113 3813 eii

140 3858 239 3954 supra
260 3886 295 3955 p.
311 3885 396 3952 402,
413 3882 498 3957 403.
548 3861 643 3935 Haec
667 3881 785 3935 autem
809 3886 864 3936 res
886 3864 937 3939 est
960 3864 1113 3960 ampliet

991 3982 1111 4061 subtilis
