2550 4784
639 313 655 404 (
705 305 778 380 xxii
828 304 844 398 l

291 505 356 583 lv.
368 507 418 580 At
430 504 454 580 li
465 503 644 578 Homerus
653 503 900 578 AEolicaetiam
914 502 1064 578 dialedlo
1073 492 1207 593 uteretur,

244 648 366 747 quidni
383 650 561 724 AEolicum
577 648 767 747 Digamrna
779 649 818 736 *‚
843 644 942 743 cujus
958 650 1065 722 unius
1079 673 1143 749 ope
1155 674 1208 726 tur·
1250 740 1255 745 Ι

243 809 340 866 rrum
367 792 467 865 toties
489 791 634 867 resarciri
650 791 774 889 potest,
800 790 1004 865 Homericis
1030 792 1156 890 scriptis
1173 804 1210 864 ιιι·

243 943 432 1021 stituatur?
458 951 561 1022 Certe
578 948 615 1021 id
640 946 829 1030 Brntleius,
854 947 1127 1046 Digammaticae
1147 949 1212 1021 doc.

242 1103 344 1180 trlnae
357 1105 529 1203 princeps,
547 1104 582 1176 in
601 1102 791 1177 recensione
807 1122 1011 1200 poematum
1025 1103 1214 1179 Homerico
1264 1126 1267 1155 ³

243 1286 321 1343 rum
332 1260 429 1341 fecitr
445 1266 589 1339 Fadium
603 1262 753 1336 maxime
764 1261 1216 1358 collaudavitTrvroeurJs‚

243 1418 340 1517 quod
372 1441 514 1516 quoque
543 1415 676 1489 calculo
707 1415 767 1488 luo
796 1415 1043 1516 Fosrerrusss
1076 1440 1217 1517 compro

246 1563 352 1640 bavit.
404 1566 571 1638 Attamen
602 1564 646 1635 de
674 1561 736 1634 hac
754 1584 802 1648 re,
828 1559 915 1633 salva
932 1563 1091 1638 virorum
1115 1562 1223 1638 dotto·

245 1731 324 1783 rum
343 1708 545 1793 reverentia,
573 1706 691 1781 monui
712 1704 797 1800 quid
815 1703 1022 1778 dubitarem.
1076 1701 1228 1782 Primum

243 1853 338 1924 enim
357 1850 565 1947 cogitabam,
584 1849 718 1921 literam
734 1851 945 1948 antiquaram,
972 1847 1008 1920 io
1030 1871 1102 1947 qua
1115 1850 1225 1930 Greci

242 2002 304 2099 ipss
322 2001 469 2074 universi
497 1998 689 2098 abjicienda
710 2000 959 2086 consenserunt,
981 1998 1139 2077 bodinus
1155 2005 1226 2080 Ho-

242 2151 329 2224 meri
347 2151 600 2247 exemplaribus
617 2151 773 2231 reddere,
790 2170 826 2221 et
840 2172 909 2220 una
921 2152 1232 2229 cumrecerrrim‘brr

242 2299 418 2376 literarum
434 2297 553 2372 formis
569 2299 719 2384 miscere,
734 2299 963 2396 incongruum
976 2295 1052 2370 fore
1065 2318 1104 2374 et
1114 2288 1263 2378 inem-‘''

222 2536 225 2541 ·
283 2499 303 2534 ⁴
325 2495 530 2568 Digammaticrc
549 2493 678 2555 doctrine
699 2496 771 2555 idem
797 2496 904 2565 accidit,
924 2495 1000 2574 quod
1020 2509 1048 2555 et
1069 2495 1132 2557 aliis
1155 2499 1240 2580 rebus¹

241 2594 330 2674 uotis,
347 2578 443 2679 nemoe
458 2617 485 2658 ur
501 2622 515 2658 a
531 2601 661 2681 plerisque
676 2604 763 2661 minus
778 2603 907 2662 benevole
925 2604 1109 2681 exciperetur.
1147 2605 1180 2664 lu
1193 2604 1243 2666 hir·

244 2722 360 2766 vorsus
376 2726 434 2764 erm
449 2708 476 2765 irr
495 2707 643 2767 ludibrium
657 2711 748 2778 verrit,
768 2710 898 2788 illumque
912 2711 992 2779 adeo,
1016 2711 1064 2789 qul
1078 2713 1104 2772 ei
1117 2713 1244 2790 premier

244 2809 299 2870 Sed
313 2811 428 2870 eximior
443 2828 522 2890 poeta
535 2833 622 2893 neque
638 2818 665 2873 in
681 2816 814 2873 veteribus
833 2814 887 2873 sure
906 2815 986 2895 ipsius
1001 2818 1112 2890 liuguae,
1131 2818 1233 2881 nedum

242 2915 352 2975 Graecae
372 2919 547 2977 monimentis
568 2904 688 2978 accurate
704 2916 830 2990 versatus,
849 2936 952 2980 tantum
966 2921 1066 2981 [cilicet
1079 2923 1234 3003 decorique

240 3020 286 3082 issa
300 3021 376 3080 litera
390 3023 467 3092 uidit,
488 3041 617 3103 quantum
633 3027 667 3084 de
682 3024 858 3104 Shalespearii
873 3027 1048 3102 Sagittario(

281 3133 343 3198 †⁸'
359 3131 388 3189 Si
410 3131 568 3190 emendetur
592 3143 812 3203 nmmum,
832 3150 981 3212 compen,
1002 3132 1120 3213 (quidni
1143 3148 1249 3193 autem.

238 3231 278 3292 ita
295 3236 452 3295 emendetur
465 3238 492 3308 l)
514 3235 596 3294 fidem
616 3237 695 3295 faciet
714 3237 903 3316 antiquillimos
921 3239 1040 3298 Homeri
1053 3239 1173 3297 Codices
1196 3239 1248 3319 ira.

238 3336 315 3398 soille
327 3358 457 3405 exaratos.
466 3359 518 3418 qua
527 3339 619 3399 itidem
632 3318 758 3420 crevisse
770 3343 839 3402 luam
852 3343 1100 3421 editionem,quarn
1115 3362 1171 3401 uotr
1183 3343 1235 3402 rui·

238 3445 301 3505 nori
312 3444 411 3516 ingenii
421 3445 547 3504 felicitate
557 3447 669 3506 molitur
680 3447 903 3527 quotidle‚quam
913 3467 962 3506 nos
975 3467 1073 3506 omues
1088 3447 1250 3507 schemen-¹

237 3554 275 3613 ria
289 3552 481 3636 expeditionis
504 3552 690 3633 efflagitamus,
710 3554 822 3614 describi
840 3555 945 3616 eurrbit
956 3554 1090 3613 bonarum
1109 3554 1251 3623 omnium.

239 3661 336 3718 artium
362 3659 441 3718 flator
468 3674 495 3718 et
520 3660 630 3731 vindex,
651 3660 802 3720 clatiffimut
831 3659 1049 3721 Brureerus.”
1090 3661 1235 3723 Leuioaer

242 3764 373 3839 Lydum,
393 3786 423 3845 p.
437 3783 508 3842 703.
1195 3760 1199 3765 ¹

281 3879 299 3945 1
320 3873 394 3946 ὂψ]
408 3893 440 3930 arr
452 3872 497 3933 rbe
509 3871 630 3947 drfflrerrr
643 3872 749 3932 Nature
762 3875 796 3948 rs
803 3874 898 3934 Acrem
909 3875 965 3936 aed
971 3875 1116 3953 Qualis),
1125 3894 1154 3954 p.
1165 3891 1234 3953 314.

241 3971 287 4035 ed.
303 3972 445 4037 Secunde.

1074 4087 1232 4162 cinnum.
