<?xml version="1.0" encoding="UTF-8"?>
<!DOCTYPE html PUBLIC "-//W3C//DTD XHTML 1.0 Transitional//EN"
    "http://www.w3.org/TR/xhtml1/DTD/xhtml1-transitional.dtd">
<html xmlns="http://www.w3.org/1999/xhtml" xml:lang="en" lang="en">
 <head>
  <title>
</title>
<meta http-equiv="Content-Type" content="text/html;charset=utf-8" />
  <meta name='ocr-system' content='tesseract 3.04.00' />
  <meta name='ocr-capabilities' content='ocr_page ocr_carea ocr_par ocr_line ocrx_word'/>
</head>
<body>
  <div class='ocr_page' id='page_1' title='image "./ricardidawesmis00burggoog_0552.png"; bbox 0 0 2550 4784; ppageno 0'>
   <div class='ocr_carea' id='block_1_1' title="bbox 581 315 800 412">
    <p class='ocr_par' dir='ltr' id='par_1_1' title="bbox 581 315 800 412">
     <span class='ocr_line' id='line_1_1' title="bbox 581 315 800 412; baseline -0.018 0"><span class='ocrx_word' id='word_1_1' title='bbox 581 315 800 412; x_wconf 83' lang='lat'>(474)</span> 
     </span>
    </p>
   </div>
   <div class='ocr_carea' id='block_1_2' title="bbox 181 489 1048 725">
    <p class='ocr_par' dir='ltr' id='par_1_2' title="bbox 181 489 1048 725">
     <span class='ocr_line' id='line_1_2' title="bbox 182 489 1048 592; baseline 0.016 -29"><span class='ocrx_word' id='word_1_2' title='bbox 182 501 289 576; x_wconf 83' lang='lat' dir='ltr'>..De</span> <span class='ocrx_word' id='word_1_3' title='bbox 315 494 377 571; x_wconf 90' lang='lat' dir='ltr'>usu</span> <span class='ocrx_word' id='word_1_4' title='bbox 405 489 614 592; x_wconf 62' lang='lat' dir='ltr'>imperfeeti</span> <span class='ocrx_word' id='word_1_5' title='bbox 639 492 786 571; x_wconf 83' lang='lat' dir='ltr'>absente</span> <span class='ocrx_word' id='word_1_6' title='bbox 810 530 865 585; x_wconf 69' lang='lat' dir='ltr'>a,</span> <span class='ocrx_word' id='word_1_7' title='bbox 892 500 1048 577; x_wconf 72' lang='lat' dir='ltr'>nonnula</span> 
     </span>
     <span class='ocr_line' id='line_1_3' title="bbox 181 619 491 725; baseline 0 -23"><span class='ocrx_word' id='word_1_8' title='bbox 181 629 228 702; x_wconf 87' lang='lat' dir='ltr'>ad</span> <span class='ocrx_word' id='word_1_9' title='bbox 243 649 282 725; x_wconf 88' lang='lat' dir='ltr'>p.</span> <span class='ocrx_word' id='word_1_10' title='bbox 302 642 385 722; x_wconf 83' lang='lat'><strong>237.</strong></span> <span class='ocrx_word' id='word_1_11' title='bbox 411 619 436 692; x_wconf 88' lang='lat' dir='ltr'>l·</span> <span class='ocrx_word' id='word_1_12' title='bbox 454 645 491 712; x_wconf 85' lang='lat'>4·</span> 
     </span>
    </p>
   </div>
   <div class='ocr_carea' id='block_1_3' title="bbox 175 868 1049 2588">
    <p class='ocr_par' dir='ltr' id='par_1_3' title="bbox 175 868 1049 2588">
     <span class='ocr_line' id='line_1_4' title="bbox 231 868 1049 968; baseline 0.004 -23"><span class='ocrx_word' id='word_1_13' title='bbox 231 875 273 949; x_wconf 86' lang='lat' dir='ltr'>P.</span> <span class='ocrx_word' id='word_1_14' title='bbox 295 891 379 968; x_wconf 84' lang='lat'>274.</span> <span class='ocrx_word' id='word_1_15' title='bbox 420 868 545 966; x_wconf 84' lang='lat' dir='ltr'>l.12.]</span> <span class='ocrx_word' id='word_1_16' title='bbox 586 879 659 942; x_wconf 70' lang='lat' dir='ltr'>Troe</span> <span class='ocrx_word' id='word_1_17' title='bbox 688 872 740 944; x_wconf 69' lang='grc' dir='ltr'>ἕως</span> <span class='ocrx_word' id='word_1_18' title='bbox 772 905 883 945; x_wconf 74' lang='lat' dir='ltr'>cunm</span> <span class='ocrx_word' id='word_1_19' title='bbox 917 881 998 964; x_wconf 68' lang='grc' dir='ltr'><strong>λαθῃς</strong></span> <span class='ocrx_word' id='word_1_20' title='bbox 1032 903 1049 951; x_wconf 70' lang='lat' dir='ltr'>a</span> 
     </span>
     <span class='ocr_line' id='line_1_5' title="bbox 181 993 1049 1095; baseline 0.003 -26"><span class='ocrx_word' id='word_1_21' title='bbox 181 995 350 1087; x_wconf 79' lang='lat' dir='ltr'>Dawestus</span> <span class='ocrx_word' id='word_1_22' title='bbox 365 1011 469 1090; x_wconf 85' lang='lat' dir='ltr'>negat</span> <span class='ocrx_word' id='word_1_23' title='bbox 486 1028 555 1069; x_wconf 72' lang='lat' dir='ltr'>nne</span> <span class='ocrx_word' id='word_1_24' title='bbox 572 1012 608 1065; x_wconf 89' lang='lat' dir='ltr'>et</span> <span class='ocrx_word' id='word_1_25' title='bbox 625 999 674 1068; x_wconf 69' lang='lat' dir='ltr'>{ae</span> <span class='ocrx_word' id='word_1_26' title='bbox 691 993 842 1091; x_wconf 88' lang='lat' dir='ltr'>usquam</span> <span class='ocrx_word' id='word_1_27' title='bbox 865 997 959 1071; x_wconf 87' lang='lat' dir='ltr'>alias</span> <span class='ocrx_word' id='word_1_28' title='bbox 976 1023 1049 1095; x_wconf 81' lang='lat' dir='ltr'>aput</span> 
     </span>
     <span class='ocr_line' id='line_1_6' title="bbox 180 1117 1049 1216; baseline -0.001 -17"><span class='ocrx_word' id='word_1_29' title='bbox 180 1123 324 1199; x_wconf 82' lang='lat' dir='ltr'>Atticos</span> <span class='ocrx_word' id='word_1_30' title='bbox 339 1125 374 1193; x_wconf 90' lang='lat' dir='ltr'>in</span> <span class='ocrx_word' id='word_1_31' title='bbox 392 1121 513 1194; x_wconf 85' lang='lat' dir='ltr'>eadem</span> <span class='ocrx_word' id='word_1_32' title='bbox 533 1117 698 1191; x_wconf 87' lang='lat' dir='ltr'>sententia</span> <span class='ocrx_word' id='word_1_33' title='bbox 716 1120 810 1216; x_wconf 88' lang='lat' dir='ltr'>legi:</span> <span class='ocrx_word' id='word_1_34' title='bbox 840 1142 913 1194; x_wconf 86' lang='lat' dir='ltr'>aut</span> <span class='ocrx_word' id='word_1_35' title='bbox 932 1131 986 1200; x_wconf 68' lang='lat' dir='ltr'>{nc</span> <span class='ocrx_word' id='word_1_36' title='bbox 997 1148 1049 1199; x_wconf 89' lang='lat' dir='ltr'>cut</span> 
     </span>
     <span class='ocr_line' id='line_1_7' title="bbox 177 1240 1049 1344; baseline 0.005 -22"><span class='ocrx_word' id='word_1_37' title='bbox 177 1245 397 1344; x_wconf 68' lang='lat' dir='ltr'>subjunctive</span> <span class='ocrx_word' id='word_1_38' title='bbox 430 1243 558 1341; x_wconf 86' lang='lat' dir='ltr'>absque</span> <span class='ocrx_word' id='word_1_39' title='bbox 585 1279 618 1320; x_wconf 72' lang='lat' dir='ltr'>ar</span> <span class='ocrx_word' id='word_1_40' title='bbox 644 1240 830 1344; x_wconf 84' lang='lat' dir='ltr'>conjungi.</span> <span class='ocrx_word' id='word_1_41' title='bbox 875 1247 1049 1325; x_wconf 58' lang='lat' dir='ltr'>Verumr</span> 
     </span>
     <span class='ocr_line' id='line_1_8' title="bbox 177 1367 1049 1468; baseline 0.001 -21"><span class='ocrx_word' id='word_1_42' title='bbox 177 1376 249 1447; x_wconf 81' lang='lat' dir='ltr'>rrius</span> <span class='ocrx_word' id='word_1_43' title='bbox 260 1374 366 1468; x_wconf 86' lang='lat' dir='ltr'>longe</span> <span class='ocrx_word' id='word_1_44' title='bbox 377 1369 539 1443; x_wconf 88' lang='lat' dir='ltr'>omnium</span> <span class='ocrx_word' id='word_1_45' title='bbox 554 1369 588 1440; x_wconf 92' lang='lat' dir='ltr'>in</span> <span class='ocrx_word' id='word_1_46' title='bbox 602 1367 783 1465; x_wconf 84' lang='lat' dir='ltr'>particulis</span> <span class='ocrx_word' id='word_1_47' title='bbox 797 1370 950 1446; x_wconf 84' lang='lat' dir='ltr'>Graecis</span> <span class='ocrx_word' id='word_1_48' title='bbox 965 1376 1049 1448; x_wconf 80' lang='lat' dir='ltr'>versa</span> 
     </span>
     <span class='ocr_line' id='line_1_9' title="bbox 176 1495 1049 1605; baseline 0.005 -33"><span class='ocrx_word' id='word_1_49' title='bbox 176 1498 280 1572; x_wconf 90' lang='lat' dir='ltr'>illum</span> <span class='ocrx_word' id='word_1_50' title='bbox 293 1497 406 1594; x_wconf 90' lang='lat' dir='ltr'>ipsum</span> <span class='ocrx_word' id='word_1_51' title='bbox 419 1495 627 1590; x_wconf 72' lang='lat' dir='ltr'>Aristophanis</span> <span class='ocrx_word' id='word_1_52' title='bbox 639 1495 761 1569; x_wconf 88' lang='lat' dir='ltr'>locum</span> <span class='ocrx_word' id='word_1_53' title='bbox 776 1518 853 1569; x_wconf 90' lang='lat' dir='ltr'>non</span> <span class='ocrx_word' id='word_1_54' title='bbox 868 1499 1049 1605; x_wconf 77' lang='lat' dir='ltr'>dubitate</span> 
     </span>
     <span class='ocr_line' id='line_1_10' title="bbox 175 1619 1049 1717; baseline 0.001 -21"><span class='ocrx_word' id='word_1_55' title='bbox 175 1622 337 1696; x_wconf 87' lang='lat' dir='ltr'>ostendat</span> <span class='ocrx_word' id='word_1_56' title='bbox 353 1619 516 1695; x_wconf 90' lang='lat' dir='ltr'>voculam</span> <span class='ocrx_word' id='word_1_57' title='bbox 534 1626 583 1694; x_wconf 71' lang='lat' dir='ltr'>ine</span> <span class='ocrx_word' id='word_1_58' title='bbox 599 1620 736 1717; x_wconf 86' lang='lat' dir='ltr'>semper</span> <span class='ocrx_word' id='word_1_59' title='bbox 753 1620 894 1698; x_wconf 85' lang='lat' dir='ltr'>habere</span> <span class='ocrx_word' id='word_1_60' title='bbox 909 1661 986 1702; x_wconf 64' lang='lat' dir='ltr'>nm</span> <span class='ocrx_word' id='word_1_61' title='bbox 998 1629 1049 1701; x_wconf 90' lang='lat' dir='ltr'>vel</span> 
     </span>
     <span class='ocr_line' id='line_1_11' title="bbox 176 1743 1049 1844; baseline 0.003 -23"><span class='ocrx_word' id='word_1_62' title='bbox 176 1748 249 1821; x_wconf 86' lang='lat' dir='ltr'>sam</span> <span class='ocrx_word' id='word_1_63' title='bbox 267 1747 324 1819; x_wconf 91' lang='lat' dir='ltr'>vel</span> <span class='ocrx_word' id='word_1_64' title='bbox 341 1745 564 1844; x_wconf 85' lang='lat' dir='ltr'>suppressam,</span> <span class='ocrx_word' id='word_1_65' title='bbox 577 1744 619 1816; x_wconf 91' lang='lat' dir='ltr'>ad</span> <span class='ocrx_word' id='word_1_66' title='bbox 634 1768 741 1842; x_wconf 90' lang='lat' dir='ltr'>quam</span> <span class='ocrx_word' id='word_1_67' title='bbox 756 1743 958 1824; x_wconf 88' lang='lat' dir='ltr'>referatur.</span> <span class='ocrx_word' id='word_1_68' title='bbox 986 1751 1049 1824; x_wconf 79' lang='lat' dir='ltr'>Eu</span> 
     </span>
     <span class='ocr_line' id='line_1_12' title="bbox 176 1867 1049 1970; baseline 0.005 -26"><span class='ocrx_word' id='word_1_69' title='bbox 176 1895 323 1970; x_wconf 89' lang='lat' dir='ltr'>qunque</span> <span class='ocrx_word' id='word_1_70' title='bbox 349 1867 483 1967; x_wconf 85' lang='lat' dir='ltr'>profert</span> <span class='ocrx_word' id='word_1_71' title='bbox 508 1870 644 1942; x_wconf 87' lang='lat' dir='ltr'>voculae</span> <span class='ocrx_word' id='word_1_72' title='bbox 660 1875 711 1945; x_wconf 70' lang='lat' dir='ltr'>im</span> <span class='ocrx_word' id='word_1_73' title='bbox 726 1893 813 1942; x_wconf 90' lang='lat' dir='ltr'>cum</span> <span class='ocrx_word' id='word_1_74' title='bbox 834 1871 1049 1969; x_wconf 75' lang='lat' dir='ltr'>subjunffin</span> 
     </span>
     <span class='ocr_line' id='line_1_13' title="bbox 176 1993 1049 2101; baseline 0.008 -32"><span class='ocrx_word' id='word_1_75' title='bbox 176 1994 388 2093; x_wconf 70' lang='lat' dir='ltr'>conjunetae:</span> <span class='ocrx_word' id='word_1_76' title='bbox 417 1993 472 2066; x_wconf 90' lang='lat' dir='ltr'>sed</span> <span class='ocrx_word' id='word_1_77' title='bbox 498 2014 632 2067; x_wconf 90' lang='lat' dir='ltr'>tantum</span> <span class='ocrx_word' id='word_1_78' title='bbox 660 2015 705 2066; x_wconf 86' lang='lat' dir='ltr'>ex</span> <span class='ocrx_word' id='word_1_79' title='bbox 735 2017 838 2067; x_wconf 88' lang='lat' dir='ltr'>novo</span> <span class='ocrx_word' id='word_1_80' title='bbox 865 1998 1014 2076; x_wconf 86' lang='lat' dir='ltr'>foedere</span> <span class='ocrx_word' id='word_1_81' title='bbox 1036 2029 1049 2101; x_wconf 70' lang='lat'>1</span> 
     </span>
     <span class='ocr_line' id='line_1_14' title="bbox 175 2116 1049 2221; baseline 0.011 -29"><span class='ocrx_word' id='word_1_82' title='bbox 175 2139 293 2221; x_wconf 71' lang='grc' dir='ltr'><strong><em>Μεχας</em></strong></span> <span class='ocrx_word' id='word_1_83' title='bbox 309 2121 416 2192; x_wconf 88' lang='lat' dir='ltr'>etiam</span> <span class='ocrx_word' id='word_1_84' title='bbox 436 2143 518 2191; x_wconf 89' lang='lat' dir='ltr'>curn</span> <span class='ocrx_word' id='word_1_85' title='bbox 536 2116 622 2212; x_wconf 88' lang='lat' dir='ltr'>subj.</span> <span class='ocrx_word' id='word_1_86' title='bbox 642 2119 711 2191; x_wconf 85' lang='lat' dir='ltr'>fine</span> <span class='ocrx_word' id='word_1_87' title='bbox 727 2154 762 2194; x_wconf 73' lang='grc' dir='ltr'><em>υ</em></span> <span class='ocrx_word' id='word_1_88' title='bbox 779 2144 830 2192; x_wconf 91' lang='lat' dir='ltr'>ex</span> <span class='ocrx_word' id='word_1_89' title='bbox 849 2128 992 2201; x_wconf 87' lang='lat' dir='ltr'>eodem</span> <span class='ocrx_word' id='word_1_90' title='bbox 1010 2131 1049 2202; x_wconf 90' lang='lat' dir='ltr'>N.</span> 
     </span>
     <span class='ocr_line' id='line_1_15' title="bbox 176 2240 1049 2341; baseline 0.009 -23"><span class='ocrx_word' id='word_1_91' title='bbox 176 2244 294 2330; x_wconf 86' lang='lat' dir='ltr'>hibet·‚</span> <span class='ocrx_word' id='word_1_92' title='bbox 312 2244 369 2317; x_wconf 90' lang='lat' dir='ltr'>sed</span> <span class='ocrx_word' id='word_1_93' title='bbox 389 2244 474 2316; x_wconf 86' lang='lat' dir='ltr'>nihil</span> <span class='ocrx_word' id='word_1_94' title='bbox 492 2269 510 2316; x_wconf 92' lang='lat' dir='ltr'>e</span> <span class='ocrx_word' id='word_1_95' title='bbox 527 2243 640 2341; x_wconf 87' lang='lat' dir='ltr'>poetis</span> <span class='ocrx_word' id='word_1_96' title='bbox 656 2240 801 2318; x_wconf 87' lang='lat' dir='ltr'>Atticis.</span> <span class='ocrx_word' id='word_1_97' title='bbox 840 2248 1049 2326; x_wconf 81' lang='lat' dir='ltr'>Dawesrana</span> 
     </span>
     <span class='ocr_line' id='line_1_16' title="bbox 176 2366 1049 2466; baseline 0.009 -25"><span class='ocrx_word' id='word_1_98' title='bbox 176 2368 458 2442; x_wconf 86' lang='lat' dir='ltr'>emendationem</span> <span class='ocrx_word' id='word_1_99' title='bbox 486 2366 734 2442; x_wconf 87' lang='lat' dir='ltr'>commendant</span> <span class='ocrx_word' id='word_1_100' title='bbox 762 2370 976 2466; x_wconf 85' lang='lat' dir='ltr'>probabilis</span> <span class='ocrx_word' id='word_1_101' title='bbox 993 2377 1049 2449; x_wconf 85' lang='lat' dir='ltr'>rati</span> 
     </span>
     <span class='ocr_line' id='line_1_17' title="bbox 175 2491 521 2588; baseline -0.003 -23"><span class='ocrx_word' id='word_1_102' title='bbox 175 2492 268 2578; x_wconf 84' lang='lat' dir='ltr'>litas,</span> <span class='ocrx_word' id='word_1_103' title='bbox 284 2510 319 2565; x_wconf 90' lang='lat' dir='ltr'>et</span> <span class='ocrx_word' id='word_1_104' title='bbox 336 2491 521 2588; x_wconf 82' lang='lat' dir='ltr'>elegantia.</span> 
     </span>
    </p>
   </div>
   <div class='ocr_carea' id='block_1_4' title="bbox 173 2740 1049 2969">
    <p class='ocr_par' dir='ltr' id='par_1_4' title="bbox 173 2740 1049 2969">
     <span class='ocr_line' id='line_1_18' title="bbox 225 2740 1049 2835; baseline 0.015 -22"><span class='ocrx_word' id='word_1_105' title='bbox 225 2742 265 2814; x_wconf 90' lang='grc' dir='ltr'>Ρ.</span> <span class='ocrx_word' id='word_1_106' title='bbox 286 2763 368 2835; x_wconf 82' lang='lat'>²75·</span> <span class='ocrx_word' id='word_1_107' title='bbox 397 2740 419 2813; x_wconf 90' lang='lat' dir='ltr'>l.</span> <span class='ocrx_word' id='word_1_108' title='bbox 441 2740 495 2835; x_wconf 87' lang='lat'>3.[</span> <span class='ocrx_word' id='word_1_109' title='bbox 522 2742 578 2814; x_wconf 90' lang='lat' dir='ltr'>De</span> <span class='ocrx_word' id='word_1_110' title='bbox 592 2749 636 2820; x_wconf 70' lang='lat' dir='ltr'>tn</span> <span class='ocrx_word' id='word_1_111' title='bbox 650 2741 1049 2825; x_wconf 63' lang='lat' dir='ltr'>Atheniensibutnona</span> 
     </span>
     <span class='ocr_line' id='line_1_19' title="bbox 173 2862 1049 2969; baseline 0.013 -33"><span class='ocrx_word' id='word_1_112' title='bbox 173 2862 256 2937; x_wconf 73' lang='lat' dir='ltr'>vide</span> <span class='ocrx_word' id='word_1_113' title='bbox 273 2864 435 2952; x_wconf 81' lang='lat' dir='ltr'>Krenirtm,</span> <span class='ocrx_word' id='word_1_114' title='bbox 462 2865 504 2936; x_wconf 88' lang='lat' dir='ltr'>ad</span> <span class='ocrx_word' id='word_1_115' title='bbox 533 2865 681 2962; x_wconf 87' lang='lat' dir='ltr'>Gregor.</span> <span class='ocrx_word' id='word_1_116' title='bbox 708 2891 743 2964; x_wconf 94' lang='lat' dir='ltr'>p.</span> <span class='ocrx_word' id='word_1_117' title='bbox 765 2871 827 2941; x_wconf 86' lang='lat'>88.</span> <span class='ocrx_word' id='word_1_118' title='bbox 860 2876 930 2969; x_wconf 91' lang='lat' dir='ltr'>qui</span> <span class='ocrx_word' id='word_1_119' title='bbox 961 2876 1049 2949; x_wconf 77' lang='lat' dir='ltr'>nostr</span> 
     </span>
    </p>
   </div>
   <div class='ocr_carea' id='block_1_5' title="bbox 74 2987 1049 3472">
    <p class='ocr_par' dir='ltr' id='par_1_5' title="bbox 74 2987 1049 3472">
     <span class='ocr_line' id='line_1_20' title="bbox 174 2987 1049 3085; baseline 0.022 -27"><span class='ocrx_word' id='word_1_120' title='bbox 174 3006 235 3060; x_wconf 84' lang='lat' dir='ltr'>tat.</span> <span class='ocrx_word' id='word_1_121' title='bbox 288 2987 434 3085; x_wconf 88' lang='lat' dir='ltr'>Optime</span> <span class='ocrx_word' id='word_1_122' title='bbox 453 2991 725 3064; x_wconf 75' lang='lat' dir='ltr'>Sanslamandus:</span> <span class='ocrx_word' id='word_1_123' title='bbox 754 3001 780 3034; x_wconf 75' lang='lat'>‘⁴</span> <span class='ocrx_word' id='word_1_124' title='bbox 799 2996 932 3071; x_wconf 86' lang='lat' dir='ltr'>Aufer</span> <span class='ocrx_word' id='word_1_125' title='bbox 950 3001 1049 3076; x_wconf 82' lang='lat' dir='ltr'>interr</span> 
     </span>
     <span class='ocr_line' id='line_1_21' title="bbox 171 3112 1049 3213; baseline 0.017 -30"><span class='ocrx_word' id='word_1_126' title='bbox 171 3135 255 3184; x_wconf 84' lang='lat' dir='ltr'>nem</span> <span class='ocrx_word' id='word_1_127' title='bbox 274 3112 350 3210; x_wconf 87' lang='lat' dir='ltr'>post</span> <span class='ocrx_word' id='word_1_128' title='bbox 363 3145 478 3204; x_wconf 58' lang='lat' dir='ltr'>erupere,</span> <span class='ocrx_word' id='word_1_129' title='bbox 501 3138 536 3185; x_wconf 79' lang='lat' dir='ltr'>et</span> <span class='ocrx_word' id='word_1_130' title='bbox 552 3139 643 3210; x_wconf 78' lang='lat' dir='ltr'>pone</span> <span class='ocrx_word' id='word_1_131' title='bbox 659 3115 734 3213; x_wconf 89' lang='lat' dir='ltr'>post</span> <span class='ocrx_word' id='word_1_132' title='bbox 751 3123 846 3191; x_wconf 51' lang='grc' dir='ltr'>ΜΓ.</span> <span class='ocrx_word' id='word_1_133' title='bbox 904 3123 1049 3198; x_wconf 78' lang='lat' dir='ltr'>Deinde</span> 
     </span>
     <span class='ocr_line' id='line_1_22' title="bbox 170 3234 1049 3338; baseline 0.018 -30"><span class='ocrx_word' id='word_1_134' title='bbox 170 3234 252 3332; x_wconf 83' lang='lat' dir='ltr'>lege</span> <span class='ocrx_word' id='word_1_135' title='bbox 268 3237 510 3312; x_wconf 48' lang='lat' dir='ltr'>anf—Verte</span> <span class='ocrx_word' id='word_1_136' title='bbox 528 3238 635 3334; x_wconf 83' lang='lat' dir='ltr'>igitur</span> <span class='ocrx_word' id='word_1_137' title='bbox 647 3273 681 3317; x_wconf 70' lang='lat' dir='ltr'>tn</span> <span class='ocrx_word' id='word_1_138' title='bbox 693 3277 717 3316; x_wconf 85' lang='lat' dir='ltr'>n</span> <span class='ocrx_word' id='word_1_139' title='bbox 731 3248 817 3324; x_wconf 70' lang='lat' dir='ltr'>wila</span> <span class='ocrx_word' id='word_1_140' title='bbox 844 3246 935 3338; x_wconf 84' lang='lat' dir='ltr'>estne</span> <span class='ocrx_word' id='word_1_141' title='bbox 950 3251 1049 3324; x_wconf 80' lang='lat' dir='ltr'>borur</span> 
     </span>
     <span class='ocr_line' id='line_1_23' title="bbox 74 3360 1049 3472; baseline 0.018 -42"><span class='ocrx_word' id='word_1_142' title='bbox 74 3366 82 3379; x_wconf 93' lang='lat'>&#39;</span> <span class='ocrx_word' id='word_1_143' title='bbox 170 3360 319 3432; x_wconf 79' lang='lat' dir='ltr'>verum?</span> <span class='ocrx_word' id='word_1_144' title='bbox 341 3394 445 3454; x_wconf 66' lang='lat' dir='ltr'>ennae</span> <span class='ocrx_word' id='word_1_145' title='bbox 460 3361 612 3435; x_wconf 54' lang='lat' dir='ltr'>ern-dic</span> <span class='ocrx_word' id='word_1_146' title='bbox 628 3379 724 3452; x_wconf 79' lang='lat' dir='ltr'>cerro,</span> <span class='ocrx_word' id='word_1_147' title='bbox 745 3376 861 3458; x_wconf 77' lang='lat' dir='ltr'>pater,</span> <span class='ocrx_word' id='word_1_148' title='bbox 879 3372 920 3462; x_wconf 84' lang='lat' dir='ltr'><em>fi</em></span> <span class='ocrx_word' id='word_1_149' title='bbox 936 3374 1049 3472; x_wconf 77' lang='lat' dir='ltr'>quida</span> 
     </span>
    </p>
   </div>
   <div class='ocr_carea' id='block_1_6' title="bbox 166 3606 1049 3842">
    <p class='ocr_par' dir='ltr' id='par_1_6' title="bbox 166 3606 1049 3842">
     <span class='ocr_line' id='line_1_24' title="bbox 217 3606 1049 3704; baseline 0.02 -23"><span class='ocrx_word' id='word_1_150' title='bbox 217 3607 258 3681; x_wconf 92' lang='lat' dir='ltr'>P.</span> <span class='ocrx_word' id='word_1_151' title='bbox 274 3606 356 3703; x_wconf 83' lang='lat'><strong><em>276.</em></strong></span> <span class='ocrx_word' id='word_1_152' title='bbox 375 3609 398 3682; x_wconf 89' lang='lat' dir='ltr'>l.</span> <span class='ocrx_word' id='word_1_153' title='bbox 417 3611 465 3704; x_wconf 76' lang='lat' dir='ltr'>n]</span> <span class='ocrx_word' id='word_1_154' title='bbox 493 3610 668 3683; x_wconf 82' lang='lat' dir='ltr'>Dawesrus</span> <span class='ocrx_word' id='word_1_155' title='bbox 686 3610 804 3683; x_wconf 83' lang='lat' dir='ltr'>statuit</span> <span class='ocrx_word' id='word_1_156' title='bbox 821 3615 950 3692; x_wconf 84' lang='lat' dir='ltr'>literas</span> <span class='ocrx_word' id='word_1_157' title='bbox 969 3643 1049 3697; x_wconf 84' lang='lat' dir='ltr'>meu</span> 
     </span>
     <span class='ocr_line' id='line_1_25' title="bbox 166 3732 1049 3842; baseline 0.019 -38"><span class='ocrx_word' id='word_1_158' title='bbox 166 3732 359 3828; x_wconf 88' lang='lat' dir='ltr'>geminatas</span> <span class='ocrx_word' id='word_1_159' title='bbox 390 3734 518 3806; x_wconf 84' lang='lat' dir='ltr'>Atticis</span> <span class='ocrx_word' id='word_1_160' title='bbox 546 3734 683 3830; x_wconf 84' lang='lat' dir='ltr'>ignotas</span> <span class='ocrx_word' id='word_1_161' title='bbox 709 3733 834 3812; x_wconf 86' lang='lat' dir='ltr'>fuisse:</span> <span class='ocrx_word' id='word_1_162' title='bbox 867 3741 998 3842; x_wconf 87' lang='lat' dir='ltr'>itaque</span> <span class='ocrx_word' id='word_1_163' title='bbox 1024 3773 1049 3820; x_wconf 84' lang='lat' dir='ltr'>rr</span> 
     </span>
    </p>
   </div>
   <div class='ocr_carea' id='block_1_7' title="bbox 165 3856 1049 3956">
    <p class='ocr_par' dir='ltr' id='par_1_7' title="bbox 165 3856 1049 3956">
     <span class='ocr_line' id='line_1_26' title="bbox 165 3856 1049 3956; baseline 0.015 -26"><span class='ocrx_word' id='word_1_164' title='bbox 165 3856 367 3953; x_wconf 78' lang='lat' dir='ltr'>Aristophane</span> <span class='ocrx_word' id='word_1_165' title='bbox 381 3888 490 3948; x_wconf 70' lang='lat' dir='ltr'>anm,</span> <span class='ocrx_word' id='word_1_166' title='bbox 514 3857 550 3934; x_wconf 87' lang='lat' dir='ltr'>in</span> <span class='ocrx_word' id='word_1_167' title='bbox 567 3858 709 3956; x_wconf 76' lang='lat' dir='ltr'>Sophocle</span> <span class='ocrx_word' id='word_1_168' title='bbox 737 3893 853 3942; x_wconf 65' lang='lat' dir='ltr'>runnu.</span> <span class='ocrx_word' id='word_1_169' title='bbox 895 3868 1049 3945; x_wconf 82' lang='lat' dir='ltr'>Heathr&#39;u</span> 
     </span>
    </p>
   </div>
   <div class='ocr_carea' id='block_1_8' title="bbox 0 0 1280 4784">
    <p class='ocr_par' dir='ltr' id='par_1_8' title="bbox 0 0 1280 4784">
     <span class='ocr_line' id='line_1_27' title="bbox 0 0 1280 4784; baseline 0 1"><span class='ocrx_word' id='word_1_170' title='bbox 0 0 1280 4784; x_wconf 95' lang='lat' dir='ltr'> </span> 
     </span>
    </p>
   </div>
  </div>
 </body>
</html>
