2550 4784
157 94 211 170 Iu
239 95 611 173 Tzanurrrruu
635 95 876 175 Mturttru.
989 123 1035 198 29

355 276 589 374 Trahuntque
605 277 729 352 fitcas:

144 425 260 521 Magis
270 426 449 521 putandum
464 428 506 520 est
521 443 586 501 tres
602 428 690 501 datos
706 429 865 519 trochaeos,
911 442 913 451 '

144 545 253 644 Qum
269 549 346 648 post
363 551 497 625 iambus
513 554 655 637 ultimum
671 554 902 644 antibaccbum,

147 674 284 773 Uterque
289 673 375 765 finis,
383 677 448 772 lege
463 691 500 749 ut
516 679 585 775 efflt
601 703 691 752 una:

62 829 108 906 Itu
123 860 162 909 ex
177 862 249 911 var.
271 838 365 913 lectt.
387 841 503 914 locum
527 842 770 939 retingendum
793 837 989 913 curavimus
1007 857 1044 912 et

57 962 153 1033 metri
168 983 203 1035 et
226 963 405 1038 seutentiae
426 965 557 1040 ratione
583 968 734 1040 adducti.
772 963 894 1060 Vulgo
915 963 1044 1061 legitur

53 1081 242 1187 Quanquam
267 1088 458 1177 iamb'r‘cum3
483 1091 578 1188 quod
606 1092 649 1164 ad
680 1090 807 1163 nullius
833 1088 933 1160 metri
962 1111 1042 1159 nor·

53 1231 151 1285 mam
173 1214 270 1311 exigi
299 1213 431 1311 potest:
457 1235 494 1287 et
519 1240 615 1304 mox,
640 1215 749 1312 Qum
771 1230 864 1311 petat
892 1213 1043 1299 iambum,

52 1328 214 1411 sententia
234 1339 381 1435 omniuo
406 1339 510 1413 nulla.
561 1341 697 1413 Vocem
720 1339 886 1412 iambicum
911 1359 1043 1408 correc-

54 1459 129 1530 tori
149 1461 255 1535 nescio
279 1461 338 1535 cui
365 1465 410 1536 rei
437 1462 588 1537 metricae
612 1464 774 1562 imperito
795 1483 973 1559 apceptam
991 1485 1043 1532 re·

54 1570 143 1655 fero.
186 1583 330 1684 Nempe
346 1587 492 1661 credidit
513 1587 566 1662 vir
589 1587 701 1673 bonus
722 1585 862 1660 iambum
886 1608 956 1657 non
982 1580 1044 1655 nifi

58 1702 157 1790 Pedem
169 1709 357 1784 denotare:
384 1734 467 1784 cum
489 1733 607 1787 tamen
631 1714 723 1812 apud
747 1712 859 1810 ipsum
876 1711 1043 1782 Terentia·

10 1886 39 1919 -χ
64 1844 134 1900 mr
145 1858 222 1933 pag.
240 1836 386 1931 prmced.
405 1859 476 1910 vox
492 1836 553 1911 ista
567 1836 613 1911 de
628 1842 720 1934 uersu
736 1838 937 1935 usurpetur:

10 1982 13 2023 i
153 1994 229 2062 Cum
237 1999 339 2082 parte
353 1986 460 2061 iambi
476 2001 542 2061 tres
555 1984 650 2061 haber
665 1978 839 2060 Trochaeor.

77 2143 120 2227 lbi
133 2158 245 2262 utique
262 2161 416 2259 loquitur
431 2163 475 2237 de
492 2164 605 2260 epodo
621 2163 801 2266 Huratiano

154 2310 460 2410 Trahuntquestccas
474 2313 625 2389 machinae
637 2316 783 2387 carinas:
847 2416 850 2423 .
865 2316 869 2321 ’

10 2370 20 2501 i

82 2473 144 2560 illud
161 2508 292 2578 autem,
316 2489 349 2562 T
344 2489 523 2587 rubumque
526 2490 641 2582 stccas‚
668 2512 802 2589 partem
819 2493 914 2566 iambi
928 2491 1044 2590 appel.

80 2600 123 2682 ltt
166 2612 297 2687 Rursus
314 2613 384 2711 ipsa
400 2615 464 2689 hac
478 2640 558 2714 pag.
586 2617 608 2689 l.
629 2640 660 2714 7.

155 2762 386 2861 Trahuntque
401 2764 502 2839 siccas
514 2768 620 2861 portio
636 2764 675 2855 est
692 2764 810 2840 iambi.

105 3056 192 3158 Pag.
214 3082 294 3135 110.
322 3061 346 3134 l.
370 3087 423 3159 17.

101 3211 159 3287 Ad
170 3211 226 3286 boc
239 3212 394 3287 dimetran
402 3213 562 3310 perspicis,
579 3239 684 3290 amore
692 3212 867 3310 perculsum
877 3217 995 3312 gravi]

49 3390 236 3467 Nimirum
266 3391 333 3465 hoc
355 3391 535 3466 venditant
556 3391 705 3465 editores
729 3417 793 3490 pro
821 3391 972 3466 iambico
996 3408 1047 3464 te-

48 3534 232 3590 trametro.
285 3516 399 3612 Atqui
429 3515 496 3589 huc
525 3517 627 3589 metri
656 3542 768 3614 genus
798 3515 857 3590 soli
884 3516 1048 3589 videntur

45 3638 180 3715 comici
196 3638 291 3738 iique
309 3664 379 3713 non
397 3640 458 3714 nisr
477 3640 595 3717 Latini
616 3641 817 3715 adhibuiffe.
866 3641 946 3714 Nec
966 3663 1051 3715 vero

45 3781 194 3864 recepta
222 3765 328 3841 lettio
352 3788 473 3841 verum
498 3765 688 3842 iambicum
712 3763 865 3867 praefert.
903 3766 1050 3867 Qrippe

1010 3911 1046 3960 ιιι
