2550 4784
110 328 310 441 renuente.
328 356 413 433 eryt
430 334 596 431 Ansprp.
609 280 697 427 i'nn
711 294 908 425 Vtaturr.
948 370 963 421 ι
971 368 1017 445 37

110 511 151 587 :is
179 514 238 599 sed
267 511 302 589 in
327 512 494 613 centenis
518 535 561 611 ut
578 505 752 611 diximus,
770 522 931 607 ‚muribus
956 528 1021 602 ob·

110 637 176 715 bat.
237 706 241 711 .

110 837 191 932 pe
173 856 250 927 vero
274 834 413 951 quandoq
413 833 582 911 κίίκιιί
539 839 589 914 CI.
615 840 777 925 Bentleii
792 845 971 936 κικβίίκικ
961 871 1022 923 ικ-

110 984 160 1050 us,
184 958 349 1051 videamus
372 960 497 1036 tandem
518 962 669 1073 nunquid
689 976 792 1057 tator
777 1003 895 1066 ικγιςιρ
870 970 1020 1047 o-oado

110 1070 160 1181 'teon
173 1085 314 1187 habeor:
334 1086 410 1160 Cum
425 1086 601 1207 elementario
617 1087 647 1162 F
658 1088 848 1179 AEosoo'fiom
856 1096 1022 1195 proprium

110 1208 268 1323 istorum,
292 1210 418 1321 qosdeot
433 1225 537 1301 tumet}
545 1186 733 1315 potestatem
756 1218 843 1311 apud
856 1220 979 1293 Ionas
965 1224 1023 1295 tti-

115 1334 298 1457 ίκκκίκιβῙκ
287 1324 365 1411 idom
380 1334 569 1410 contendas:
583 1338 645 1430 foc
660 1338 784 1449 ικιιίικι
798 1360 932 1441 exponas
944 1373 1022 1447 qua-

110 1480 115 1525 ι
116 1450 313 1573 βςκκκβικκ
333 1475 407 1534 nora
419 1461 600 1571 potestatem
613 1448 703 1556 istam
717 1436 815 1565 apud
819 1470 912 1543 Ionas
931 1466 968 1543 d
951 1471 1025 1568 fig

110 1568 240 1677 ῐβίὶικκι
255 1584 410 1678 existimet.
460 1582 637 1684 Equidem
656 1588 859 1665 confirmare
876 1617 944 1666 non
962 1618 1023 1667 au

118 1705 228 1821 gentis
244 1706 336 1780 illius
353 1708 554 1799 vetustiores
571 1709 640 1781 ulla
661 1706 869 1809 aspirationis
893 1716 950 1788 vel
971 1716 1024 1788 He

118 1812 184 1923 Varo
207 1850 290 1902 nota
310 1828 385 1904 usos
406 1830 514 1905 fuisse.
563 1830 592 1906 Ii
618 1838 802 1931 utramque
825 1832 960 1911 fortasse
975 1862 1022 1912 ex

110 1970 191 2075 grta
194 1954 362 2050 loquendi
379 1968 503 2063 norma
519 1955 554 2028 in
571 1955 702 2055 scriptis
725 1957 949 2073 supplendam
973 1988 1025 2037 re·
1117 1980 1121 1985 '

110 2060 446 2199 incameratam
464 2102 546 2153 vero
563 2079 678 2151 nullus
694 2066 820 2155 dubito
835 2083 920 2179 quin
937 2109 1026 2184 quo-

110 2184 178 2299 tque
190 2203 337 2277 demum
351 2201 475 2274 saeculo
491 2176 687 2277 adinventae
699 2198 870 2279 suerint
846 2228 936 2280 notae
953 2209 1025 2282 istae

110 2328 160 2415 iet
181 2327 218 2423 [⁹
227 2330 244 2426 ]
271 2324 306 2400 id
323 2350 366 2398 eo
382 2324 522 2398 confilio
538 2314 667 2399 sadum
684 2326 736 2412 fit,
762 2345 802 2399 ut
818 2326 922 2401 altera
939 2330 1025 2426 aspi·

110 2442 205 2543 sudem
232 2452 297 2537 He,
322 2449 428 2523 altera
454 2452 527 2531 Varo
554 2449 757 2547 designaret.
809 2451 930 2548 Atque
960 2448 1027 2523 hoc

110 2558 181 2669 istm
209 2592 383 2675 quantum
411 2574 454 2659 ad
482 2573 545 2671 Γ]
574 2572 698 2647 attinet
725 2575 818 2673 apud
842 2600 965 2650 omnes
989 2580 1025 2651 in

110 2682 187 2771 seso
203 2698 263 2773 est.
289 2697 367 2799 Qti
384 2716 500 2771 autem
516 2696 561 2770 de
579 2695 635 2795 [’]
652 2696 746 2771 secus
762 2698 925 2793 sentiunt,
941 2724 1024 2773 con·

110 2838 177 2894 rent
201 2800 331 2896 necesse
354 2818 404 2911 est
431 2839 552 2893 notam
580 2820 668 2893 hanc
697 2821 858 2918 primitus
882 2823 1026 2923 perinde

110 2960 148 3033 tut
167 2946 268 3021 hodie
294 2944 400 3042 usque
424 2944 512 3018 adeo
535 2941 679 3016 absurde
703 2944 855 3018 adhiberi
878 2946 1025 3034 solitam,

116 3068 195 3142 nulla
221 3068 357 3168 prorsus
384 3067 549 3165 potestate
572 3067 752 3167 gauderet,
777 3068 862 3141 nulli
890 3069 1025 3167 prorsus

110 3186 123 3263 ti
134 3192 309 3269 inserviret.
359 3192 442 3266 Hoc
460 3191 630 3297 adduti'us
653 3215 722 3263 non
737 3188 812 3289 jam
835 3216 960 3267 novam
986 3196 1027 3269 fi·

110 3337 163 3394 um
177 3320 211 3394 in
228 3322 361 3394 Homeri
375 3314 497 3412 scripta
514 3314 755 3404 invehendam,
773 3314 828 3388 sed
845 3341 1024 3414 perperam

110 3424 147 3515 sie¹
170 3444 372 3518 collocatam
404 3436 553 3538 propriae
581 3440 724 3513 demum
751 3439 818 3515 sedi
848 3441 1025 3513 restituen-

110 3586 126 3637 n
144 3568 271 3642 censeo.
322 3565 391 3639 Sed
416 3562 550 3661 qu'aeret
571 3563 695 3661 aliquis
717 3568 869 3662 quonam
889 3565 1027 3636 audiere

112 3686 235 3766 sonanti
261 3690 332 3783 Vou
352 3670 564 3787 aspirationis
584 3686 704 3760 itidem
728 3692 856 3763 nornen
872 3684 1026 3785 imperti·

110 3818 156 3892 lm.
195 3802 301 3891 'Istud
333 3794 440 3911 igitur
472 3810 588 3907 paucis
618 3809 746 3909 accipe.
807 3804 1026 3883 LiteramV

110 3941 131 4016 d
157 3944 336 4039 Romanos
363 3918 578 4011 consonantis
607 3938 689 4033 cu'm
715 3932 918 4031 potestatem
948 3950 1026 4005 tum

509 4059 533 4130 S
787 4050 790 4063 '
897 4078 1028 4132 nomen
