2550 4784
118 349 182 423 Da
201 347 373 425 Consors.
392 370 477 422 srva
495 347 660 422 Ansam.
673 347 760 422 Vsu
775 347 972 426 viatura.
1018 328 1092 449 165¹

118 552 174 605 etn
199 529 334 629 paludis
357 552 477 603 coenum
498 527 538 602 srt
556 528 707 602 maxime
723 530 918 628 proprium,
942 532 1091 607 verbum

118 680 267 736 aarum
287 678 309 728 a
331 679 419 729 unae
443 654 630 729 considium
656 653 742 727 nihil
763 655 877 754 aptius
903 656 1091 753 significare

118 777 221 871 potuit
235 800 342 874 quam
359 800 446 850 coeno
461 776 678 874 conspergerea
704 776 738 851 h.
755 801 784 851 e.
809 778 905 851 modis
923 777 1091 874 indigniffl·
1213 876 1220 893 Ι

118 902 163 973 hir
175 898 320 999 racipere.
370 903 408 974 A
425 902 564 1000 propria
580 901 721 974 notione
738 922 845 998 quam
866 900 1008 974 minime
1024 900 1094 974 dis·

118 1024 200 1097 cedit
221 1024 431 1113 Scholiasta,
455 1024 608 1122 Ηώώἰί,
634 1042 669 1097 et
685 1022 789 1096 Suidae
808 1022 1093 1122 interpretamen-

118 1158 184 1223 nrm
216 1148 430 1245 «manger.
496 1148 711 1223 Translatam
749 1146 889 1222 exhibet
920 1146 1095 1244 Etymologr‘

118 1271 222 1366 Rosea.
249 1274 361 1370 Apud
376 1272 468 1345 hunc
481 1294 585 1368 porro
597 1297 690 1345 verae
706 1272 880 1369 potestatis
897 1252 1093 1346 indubitata

118 1408 224 1469 extant
255 1394 399 1492 vestigia
428 1395 464 1469 in
496 1395 661 1494 scriptura
692 1397 751 1470 ista
780 1412 1091 1473 naononnnmu.

118 1515 244 1615 Scripsit
259 1520 381 1617 utique
396 1519 456 1592 vix
472 1520 595 1594 dubito
610 1535 901 1596 ΠΡΟΣΟΎΕΛΕΙΝ
918 1540 958 1594 ut
970 1520 1092 1593 sonum

118 1658 274 1723 warum
305 1644 527 1741 defignaren
570 1667 640 1717 non
673 1643 769 1717 secus
799 1666 903 1741 atque
931 1644 1093 1736 Diorystus

118 1760 275 1847 Halicarn.
305 1790 435 1841 nomen
463 1766 631 1859 VELIA,
665 1767 700 1842 h.
723 1794 754 1843 e.
779 1769 953 1844 WELIA
981 1765 1095 1845 fornia

118 1894 264 1967 urnula
279 1890 431 1970 donavit.
452 1920 455 1925 ·

160 2124 479 2223 Frequentisiimum
513 2127 727 2202 consonantis
760 2131 838 2203 Vau
869 2130 968 2204 usum
997 2131 1094 2208 fuisse

118 2224 320 2324 uadendum
338 2250 386 2324 est
403 2271 441 2325 ut
458 2252 492 2325 in
510 2253 634 2326 mediis
655 2251 771 2326 verbis
793 2252 1013 2351 importunus
1028 2278 1093 2326 vo·

118 2369 235 2446 oelium
263 2373 446 2448 concursus
474 2375 651 2449 vitaretur.
701 2376 796 2449 Situs
824 2394 942 2450 autem
968 2377 996 2449 is
1023 2397 1095 2451 erat
1146 2408 1148 2413 ·

118 2494 301 2584 annuimus,
326 2521 400 2595 quo
420 2498 683 2573 consonantibus
699 2507 766 2573 iet
780 2535 795 2577 e
810 2498 1094 2596 subjungebatur,

118 2617 168 2689 uti
182 2620 213 2694 in
227 2621 342 2695 verbis
357 2631 478 2711 mma,
501 2631 597 2710 suso,
622 2649 748 2713 ruma,
772 2650 886 2710 aum
913 2647 983 2697 non
999 2621 1095 2696 secus

118 2754 214 2841 ltque
238 2748 388 2845 Angsice
412 2746 591 2821 scribimus
613 2747 710 2821 dwell
731 2767 767 2821 et
783 2749 900 2847 swain.
951 2747 1096 2825 Horum

118 2874 216 2942 Buam
232 2867 400 2944 familiam
417 2890 501 2942 mox
517 2868 749 2943 exhibendam
764 2868 881 2942 sumus
896 2869 1059 2943 curaturi.

163 3116 443 3217 ATQUEnaec
466 3118 609 3215 quidem
636 3116 671 3189 in
693 3116 840 3215 praesens
862 3110 983 3190 dixisse
1005 3116 1097 3190 suffi-

118 3228 181 3313 ἱὶεῑ
203 3241 247 3314 de
270 3241 435 3337 potestate
460 3241 676 3340 prosoediaca
700 3240 897 3315 consonanti
913 3242 992 3314 Vau
1014 3266 1097 3315 cum

118 3365 242 3436 saereris
272 3358 486 3463 simplicibus
514 3366 713 3440 communi:
748 3367 906 3440 Alteram
935 3391 1038 3466 porro
1066 3367 1098 3441 ei

118 3480 273 3563 Virtutem
297 3489 398 3564 inesse
420 3492 594 3577 videmus,
620 3515 728 3587 quam
754 3511 956 3567 caeterarum
981 3489 1100 3565 conso·

118 3614 270 3689 tantiam
300 3614 394 3687 nulla
422 3616 541 3689 itidem
571 3614 717 3688 sortitur.
766 3615 819 3689 Ea
847 3638 963 3689 autem
988 3611 1099 3710 cujus·

118 3741 206 3816 noui
229 3741 284 3830 sat,
309 3740 469 3837 exempla
489 3739 758 3812 commodiffirne
781 3739 968 3813 docebunt.
1020 3736 1099 3809 Ob·

118 3855 285 3943 bruunt
303 3867 433 3939 Homeri
454 3866 615 3954 editores,
640 3864 736 3962 quod
757 3862 794 3937 et
817 3862 877 3935 vix
897 3882 1098 3959 quenquam

118 4010 212 4071 itere
227 3990 358 4093 potuit,
382 3988 568 4065 verborum
583 4014 650 4080 m,
674 4022 734 4079 aa,
759 4005 796 4063 et
819 3986 979 4062 fimilium
1003 3982 1099 4083 prio-

1021 4129 1098 4187 fem
