2550 4784
147 340 198 411 De
215 334 390 408 Conson.
407 354 489 405 ervn
509 333 668 407 Ansere.
683 332 770 405 Vno
785 331 986 411 Vrn'ru'rr.
1026 358 1090 436 ¹7¹

118 538 166 588 nu
184 514 281 611 quod
304 488 378 609 'ejus
401 510 517 585 locum
542 510 645 585 hodie
668 533 818 610 occupat
834 529 922 591 ΥΛΗ
942 518 1094 615 priorem

118 640 234 735 uspiam
254 637 416 735 potuisset
432 659 500 708 non
518 638 720 733 producere.
761 638 886 735 Finge,
903 639 1000 714 verbi
1017 666 1095 738 gra·

118 762 172 850 ria,
193 786 234 834 ex
251 761 361 833 verbo
373 758 504 847 Latino
511 758 602 856 solvo
619 760 725 832 deleri
747 759 877 858 ubique
899 760 1030 835 literam
1047 765 1093 836 V.

118 888 234 959 Annon
269 884 400 959 necesse
431 884 497 957 erit
525 903 566 957 ut
595 883 759 981 deinceps
791 886 886 983 prius
917 888 952 958 Ο
978 888 1095 982 longae

118 1030 218 1107 portes
247 1013 381 1105 ubique
407 1008 590 1082 sustineat?
633 1012 686 1081 At
712 1007 793 1105 quis
825 1028 941 1082 tamen
971 1010 1095 1084 exinde

118 1130 259 1231 segitime
293 1134 448 1206 intulerit
480 1132 636 1206 vocalem
671 1132 764 1205 illam
798 1152 920 1207 nutum
952 1134 1095 1230 longam

118 1258 200 1331 effe?
222 1259 357 1331 Verum
378 1256 403 1329 sr
428 1257 525 1329 nullo
542 1277 749 1355 argumento
772 1258 885 1330 evinci
910 1261 1012 1353 poslit
1033 1282 1094 1332 vo·

118 1381 215 1453 edem
231 1398 257 1454 τ
275 1380 310 1453 in
334 1354 419 1453 voce
442 1386 557 1455 'rnFH
581 1403 650 1452 non
672 1377 771 1453 fuisse
795 1403 915 1454 natura
938 1383 1094 1479 longam,

118 1502 186 1580 Eris
195 1508 317 1606 opinor
332 1505 381 1579 est
394 1506 526 1579 Horatii
541 1505 723 1578 auctoritas
737 1528 799 1585 cur
815 1527 935 1578 natura
949 1507 1094 1581 brevem

118 1624 212 1717 fuisse,
237 1632 395 1727 adeoque
416 1629 536 1701 cadem
555 1630 659 1727 piane
680 1629 808 1702 ratione
821 1631 921 1724 fflvae
939 1630 973 1703 in
983 1632 1093 1725 sylriae,

118 1772 181 1851 que
199 1753 342 1851 eoolorffl
358 1757 393 1827 in
414 1751 566 1850 euold‘iffl,
592 1771 628 1827 et
649 1751 834 1849 diffluendo
858 1754 893 1826 in
915 1751 1095 1853 drffllri'enda

118 1880 261 1978 nigrasse
277 1878 540 1954 concludamus.

132 2094 137 2101 ’
165 2097 439 2175 HACTENUS
457 2093 647 2170 inmetrica
659 2094 872 2169 consonantis
884 2095 964 2171 Vau
977 2099 1093 2172 audio·

119 2218 206 2295 ritate
221 2222 433 2321 potissimum
459 2219 576 2295 sumus
597 2219 729 2294 versati.
779 2220 965 2319 Reliquam
990 2220 1094 2318 hujus

121 2340 271 2420 Seffionis
287 2366 422 2443 partem
442 2334 632 2442 analogicae
648 2338 799 2440 ejusdcm
825 2345 959 2438 virtuti,
983 2348 1019 2419 in
1041 2346 1095 2419 su·

120 2468 294 2561 peroribus
312 2495 381 2543 non
397 2470 499 2567 plane
517 2469 664 2555 intactae,
683 2460 832 2543 uberiori
849 2471 1093 2568 exemplorum

120 2590 236 2669 delusio
254 2594 461 2669 illustrandae
478 2594 732 2692 impendemus.
781 2595 865 2669 Noli
888 2614 1004 2679 tamen
1025 2596 1093 2669 mi·

122 2714 217 2791 rariu
239 2717 329 2792 sorte
355 2718 391 2791 in
415 2716 639 2817 sequentibus
663 2716 838 2813 potestatis
863 2716 985 2791 itidem
1009 2742 1090 2816 pro-

120 2834 264 2917 fflircae
289 2847 421 2918 mentio
444 2842 588 2917 subinde
617 2860 794 2915 recurrat:
833 2827 962 2940 Neque
994 2843 1089 2916 enim

124 2982 170 3036 rer
188 2985 252 3041 um
275 2968 385 3042 amice
410 2965 628 3066 conjurantes
653 2967 793 3069 penitus
816 2964 1014 3068 disjungere
1038 2964 1092 3041 fae

123 3084 250 3166 videtur.

162 3300 210 3362 ln.
226 3306 264 3364 n.
278 3313 312 3389 7.
328 3288 473 3387 Aeacus]
498 3290 714 3364 Germanum
732 3287 834 3390 hujus
851 3288 957 3364 verbi·
967 3287 1089 3365 sonum

118 3420 264 3492 domme
283 3410 474 3487 statuimus.
525 3412 739 3512 Analogiam
752 3433 875 3489 ¹eutem
893 3412 939 3489 sic
954 3413 1093 3509 concipi

118 3534 276 3613 volumus.
326 3538 436 3637 Quod
462 3537 564 3613 hodie
588 3537 871 3635 repraesentamus
887 3552 982 3625 nam
998 3557 1094 3610 vete·

118 3676 180 3732 rom
196 3661 324 3735 Ionum
341 3658 493 3735 sermone
514 3682 587 3739 erac
603 3677 732 3749 Amne.
782 3663 922 3761 Nempe
937 3661 1094 3737 elemen-

118 3796 177 3858 un
202 3801 229 3860 τ
253 3785 470 3861 consonantis
485 3786 664 3865 Vautam
690 3786 811 3861 sonum
841 3807 950 3883 quam
973 3783 1091 3857 locum

118 3915 288 3989 onumeris
316 3910 352 3986 in
380 3909 497 3985 verbis
514 3906 588 4005 jam
616 3910 701 3983 olim
726 3904 921 4007 occupavit.
970 3901 1093 4003 Hujus
1226 3924 1229 3931 ·

118 4058 211 4113 utem
237 4060 259 4111 a
285 4026 596 4134 genitivo'neernic
617 4020 809 4108 non'secus
831 4030 909 4106 fluit
931 4046 1094 4129 patrony·
1134 4044 1137 4052 ’

537 4156 574 4229 Y
600 4180 620 4230 2
968 4153 1098 4229 micum
