2550 4784
534 346 749 447 (39⁸)

138 498 372 634 sciipserunte
402 547 439 604 et
466 528 684 625 Philebbun
721 552 765 603 ac
791 550 914 627 nuper
938 527 1086 623 Fosteras,
1102 551 1129 607 et

139 658 299 734 Woodius.

189 802 224 855 2.
237 780 286 853 Et
298 778 332 852 hi
342 775 772 876 quoquelcilicetproptet
782 776 1132 876 documentaquaein

141 903 275 977 Homeri
283 897 521 1000 scriptisobvia
533 899 621 974 sunt.
636 900 873 995 Philemona
887 924 967 1000 quo
977 903 1133 977 neminen

141 1027 372 1103 recentiorum
389 1028 594 1100 Graecorum
612 1026 726 1099 censet
743 1026 939 1123 Ftdlerttst
950 1030 1135 1127 diligentiut

139 1173 284 1225 omnem
309 1152 511 1226 Graecarum
542 1150 716 1222 literarum
744 1170 886 1247 partem
924 1154 1133 1250 investigare,

140 1274 301 1347 AEolt'cam
314 1271 399 1346 dicit
414 1273 572 1370 linguam
590 1273 763 1346 Homerum
778 1293 815 1346 et
831 1274 1133 1350 Callimachumiu

141 1395 208 1468 suis
224 1393 386 1491 operibus
403 1397 615 1493 potissimum
633 1394 763 1469 secutos
781 1397 864 1470 else.
919 1398 995 1471 Sed
1017 1418 1054 1472 et
1072 1416 1133 1471 ante

144 1518 342 1614 Philelphum
353 1538 482 1595 ‘notatu
501 1520 650 1616 dignum
665 1520 714 1593 est
725 1496 999 1596 Grammaticos
1009 1522 1136 1597 Grato

141 1645 280 1742 regulas
309 1646 355 1720 de
380 1645 529 1719 dialeclo
557 1645 698 1736 AEolica,
732 1666 773 1719 ut
801 1645 916 1720 etiam
943 1649 995 1722 de
1023 1648 1133 1737 Ionica,

141 1769 283 1843 traditas
310 1768 399 1865 laepe
430 1792 474 1843 ex
510 1768 644 1844 Homero
676 1768 868 1845 illustralle.
938 1771 1134 1870 Etynolegiu

141 1916 284 1991 quoque
306 1897 433 1991 Magno
457 1893 586 1969 dicitur
610 1900 680 1990 (επ)
705 1903 718 1968 ὃ
742 1928 855 1975 mnne
882 1920 1000 1974 nunus
1022 1916 1133 1973 rm

140 2052 248 2118 zm.
267 2018 312 2091 V.
339 2035 544 2110 mmmm.
594 2019 742 2115 Optima
766 2018 860 2108 sunt,
887 2044 977 2119 quae
1002 2022 1048 2097 de
1067 2040 1131 2101 Μ·

140 2141 226 2239 lismo
242 2144 415 2216 Homerica
440 2145 519 2217 loco
543 2144 638 2218 dicio
653 2140 852 2216 observavit
869 2147 1044 2239 Foytms:
1064 2170 1132 2246 que

141 2267 257 2344 leclori
278 2294 346 2343 non
366 2270 551 2344 invideam.
578 2276 603 2312 “
620 2268 852 2356 Terminatio,
874 2269 1010 2369 inquit,
1025 2275 1132 2370 prim

140 2387 382 2487 declinationis
408 2393 444 2467 in
466 2394 549 2466 aab
567 2389 683 2468 AEolica
700 2393 848 2470 dialeclo
871 2396 921 2470 ad
945 2398 1129 2473 Romanam

73 2615 77 2624 Ι
142 2516 293 2592 transtit:
320 2537 361 2591 ut
385 2530 505 2606 lemn,
530 2554 654 2604 aotam
681 2520 774 2593 unde
793 2534 906 2614 poeta,
931 2523 1071 2611 athleta,
1091 2546 1130 2596 aa

139 2657 236 2728 meta,
246 2641 390 2739 planeta,
407 2643 476 2715 &o
512 2640 622 2715 Hunc
640 2644 899 2717 nominativum
916 2646 964 2720 ab
981 2646 1131 2721 Homero

141 2766 345 2865 usurpatum
359 2763 595 2843 Macedonicum
612 2767 690 2842 sane
707 2762 805 2839 fuiffe
823 2767 987 2866 plerique
1004 2769 1130 2843 dicunt.

138 2910 248 2989 quem
264 2913 348 2964 vero
365 2913 434 2964 non
453 2890 577 2965 minori
589 2889 669 2988 jure
686 2892 843 2983 Perficrtm
859 2912 1011 2992 quoque
1026 2891 1130 2991 appel·

137 3015 267 3089 lallent
317 3017 372 3092 Eo
405 3034 524 3091 autem
558 3017 738 3091 Homerus
772 3014 897 3104 utitur,
930 3040 1008 3092 non
1042 3014 1129 3091 metri

138 3138 262 3237 gratia,
292 3160 333 3214 ut
361 3142 396 3214 in
423 3140 580 3216 illolm
548 3160 736 3239 mantem?
763 3140 837 3212 fieri
867 3139 1052 3214 videatur:
1084 3136 1129 3212 led

138 3261 219 3334 alias
238 3285 381 3359 quoque
406 3266 527 3351 utitur,
553 3221 616 3337 ubi
645 3262 843 3336 terminatio
869 3298 918 3346 m
944 3266 1069 3363 pariter
1087 3282 1128 3333 at·

138 3410 210 3483 que
228 3386 313 3461 illud
331 3388 367 3462 in
383 3426 421 3465 π
438 3386 547 3461 versui
562 3387 780 3462 conveniret:
800 3412 932 3486 nempe
948 3422 1059 3483 μω
1070 3404 1126 3470 zat,

139 3539 320 3608 noor‘qm
337 3532 412 3608 zon
460 3513 541 3606 Jam
568 3513 591 3587 st
613 3514 768 3587 Homerus
783 3509 892 3585 fuerit
908 3510 1065 3604 AEelenfis,
1085 3512 1125 3600 (et

137 3630 237 3708 suille
264 3658 326 3730 per
353 3660 461 3733 quarn
488 3637 654 3712 credibile
680 3631 766 3733 est,)
793 3655 829 3710 et
860 3661 1030 3736 magnam
1056 3632 1124 3706 vitae

134 3778 273 3855 partem
290 3759 325 3832 in
342 3757 451 3857 patria
467 3759 525 3835 sua
541 3761 692 3860 degerit,
716 3783 921 3859 quanquam
940 3758 1123 3862 peregrina·

177 3938 196 3975 ⁸
218 3940 305 4019 Apud
319 3944 430 4005 Heliam
444 3941 481 4002 <le
496 3942 593 4004 Graec.
610 3938 715 4005 lllullr.
736 3961 767 4021 p.
785 3943 854 4004 188.

177 4053 198 4120 †
219 4044 267 4106 De
280 4050 401 4115 necent.
418 4064 449 4113 et
462 4050 569 4129 Quot.
592 4067 623 4128 p.
643 4050 711 4108 108.
1076 4136 1119 4195 m
