2550 4784
460 296 475 386 t
525 290 629 385 xi)

28 501 191 599 Nempe
207 501 470 612 quaesiturum·
486 524 622 579 ..novem
641 499 768 579 scilicet
793 522 831 580 et
858 509 1047 609 propriam,

32 650 249 767 intendam
259 649 398 725 edendo
409 650 630 727 adhibuerint
642 612 804 729 num
818 655 1046 752 oxonienses,

37 825 121 877 eam
147 763 244 887 dieit,
265 799 354 885 fere,
364 818 470 875 totam
491 802 668 878 Dawefiut
684 803 777 878 viros
792 780 946 882 eruditus
963 831 1048 883 con·

40 948 195 1042 sumfisse
211 951 249 1024 in
267 973 304 1023 re
321 950 462 1023 metrica
477 951 726 1042 constituenda,
752 973 788 1027 et
803 954 937 1051 pedum
954 966 1048 1035 indu·

42 1134 157 1213 mn,
180 1097 326 1196 quanm
358 1097 420 1171 fin
451 1098 629 1190 finxerint,
662 1078 888 1200 explicanda.
938 1107 1047 1182 tnnc

44 1248 154 1349 igitur
172 1245 309 1321 Criseos
335 1266 486 1345 partem,
510 1268 618 1346 quam
643 1252 857 1352 ptaecipuam
870 1273 923 1330 *et
950 1254 1073 1333 suun‘

45 1401 203 1477 unierunt
228 1398 455 1487 Oxonienset,
480 1371 749 1496 expendendam
766 1402 802 1477 in
816 1403 1047 1487 Miscelluueit

45 1546 191 1646 suscepit
207 1543 411 1621 Dawefius:
439 1548 476 1622 in
492 1572 562 1646 qua
578 1549 743 1625 nimirum
761 1576 857 1650 parte
874 1555 1044 1630 desidera·

47 1718 94 1776 tae
117 1711 247 1800 upum
273 1697 445 1799 specimen
475 1697 664 1799 proposuit.
715 1701 838 1801 Atque
863 1727 941 1777 eam
969 1684 1044 1783 rem

47 1848 134 1925 adeo
147 1848 259 1927 solam
285 1848 324 1923 in
349 1846 531 1947 presentia
547 1847 704 1946 respexit.
756 1850 877 1950 Qum
903 1849 1048 1929 veroin

44 1996 230 2072 Pindarico
243 1995 447 2105 specimine,
472 1995 618 2069 eandem
647 1995 682 2068 in
712 1996 908 2072 Homerico
930 1996 1045 2072 tenuit

46 2150 236 2224 rationem:
263 2146 332 2222 hoc
355 2144 416 2236 esi,
441 2169 554 2219 unum
580 2142 653 2220 sere
680 2145 725 2218 de
750 2164 863 2220 metro
887 2146 1045 2224 tractavit
1186 2194 1189 2199 -

44 2317 312 2398 argumentum.
340 2296 487 2396 Quippe
504 2293 580 2393 post
595 2293 779 2369 Clarkium
797 2294 903 2369 etium
919 2318 1045 2395 quum·

42 2446 204 2546 plurimis
230 2441 382 2520 inlocis
404 2461 556 2517 metrum
585 2442 820 2517 Homericum
846 2440 1046 2519 'claudicare

42 2595 231 2672 videbatur
255 2593 306 2667 ob
333 2590 449 2666 minus
480 2591 671 2690 perspetian
697 2591 824 2671 vetusti
857 2590 959 2665 metti
990 2613 1044 2665 ta-

45 2745 169 2821 tiones.
221 2744 318 2818 Cum
334 2765 417 2816 vero
434 2739 470 2815 in
488 2743 551 2816 hac
568 2766 606 2816 re
628 2740 875 2843 negligentiam
891 2739 1043 2838 superiu-

44 2919 123 2968 mm
149 2893 330 2969 editorum
358 2890 623 2990 expendendam
652 2860 845 2990 sumpserit,
870 2915 941 2966 non
970 2889 1045 2971 fieri

43 3042 162 3141 potuit
171 3041 261 3142 quin
275 3038 426 3115 metricis
438 3040 472 3114 in
485 3039 641 3114 minutiis
654 3040 788 3114 multus
797 3040 890 3116 esset.
916 3040 1045 3138 Neque

44 3190 130 3266 adeo
146 3189 281 3269 librum
298 3188 603 3271 Miscellaneorum
630 3152 841 3279 criticorum
867 3186 1045 3284 immerito

44 3364 65 3414 a
79 3340 299 3425 Terentiano
314 3339 446 3421 Mauro
461 3336 599 3421 exorsus
615 3337 674 3423 est.

90 3489 136 3564 Is.
155 3488 199 3564 In
218 3505 297 3562 totu
313 3507 431 3560 autem
449 3485 569 3560 libello
586 3484 847 3587 quamplurima
863 3483 955 3573 sunt,
971 3506 1045 3597 rata

46 3628 229 3737 diligentie
244 3632 381 3739 scripta,
404 3622 485 3735 ἕψε
511 3634 556 3718 ad
580 3633 717 3711 Gtaecae
741 3635 873 3734 singuae
891 3630 1044 3708 indolem

47 3790 267 3885 apetiendam
284 3787 445 3887 apprime
461 3789 648 3886 pertinent.
698 3785 748 3862 Et
774 3781 942 3861 nonnulla
968 3780 1047 3879 pust

49 3933 127 4012 alios
141 3936 307 4045 quidem,
332 3956 369 4015 at
397 3934 466 4036 ipse
491 3955 609 4013 tamen
635 3934 705 4013 sola
730 3933 862 4042 ingenii
879 3930 914 4008 vi
931 3930 1046 4005 obser-

490 4085 558 4169 *Β
585 4110 606 4163 2
925 4080 1048 4169 vavit3
