2550 4784
116 345 131 394 ε
151 319 323 393 Cotton.
339 330 424 390 stur
442 316 604 391 Ansam.
619 313 708 387 Vru
726 314 927 392 Vntrurr.
974 338 1045 420 ¹¹9

117 500 285 574 ustiffima
316 519 411 594 quae,
449 496 555 570 literis
588 495 826 594 antiquissimis
863 495 986 596 scripto
1010 503 1047 574 in

117 623 229 700 multis
260 621 456 720 tripodibus
484 621 569 720 legi,
606 640 643 695 et
672 620 823 696 maxime
847 620 883 695 in
910 621 1049 721 tripode

117 747 263 848 Apollinis
285 746 349 844 qui
373 746 422 820 est
441 746 698 842 costantinopoli·
717 747 753 819 in
776 746 856 834 ioco
879 771 987 845 quem
1008 768 1050 826 aa

117 905 216 969 metu
235 872 397 950 vocant.”
429 873 470 946 Id
489 872 565 948 Lib.
577 873 641 946 VI.
664 874 744 968 Cap.
769 869 995 949 denominat.
1016 889 1050 946 er

117 1008 161 1076 tit.

119 1184 179 1307 His
207 1188 409 1271 testimoniis
434 1192 534 1293 adjici
558 1187 671 1293 potest
698 1213 734 1269 et
758 1170 848 1267 iilud
872 1190 1050 1287 Varronis,

120 1314 269 1421 Tempus
296 1310 486 1395 seeundum
513 1323 589 1406 Ver,
614 1312 711 1418 quod
734 1330 812 1392 tum
835 1322 941 1394 virere
968 1318 1051 1394 inci.

123 1446 211 1543 piunt
237 1445 394 1543 virgulta,
421 1466 461 1516 ac
490 1459 612 1516 verim
636 1440 669 1517 se
692 1461 832 1541 tempus
856 1439 963 1530 anni,
988 1442 1052 1517 nist

123 1562 206 1670 quod
230 1568 333 1643 lones
361 1568 483 1642 dicunt
508 1558 646 1640 BHP.”
684 1558 736 1640 De
759 1560 802 1640 L.
820 1564 863 1638 L.
891 1586 968 1665 pag.
990 1589 1050 1662 45.

118 1692 156 1770 iit.
173 1695 292 1770 Durdr.
318 1696 423 1792 1619.
474 1694 616 1788 Nempe
642 1692 666 1764 s1
693 1689 793 1764 iones
818 1690 1054 1765 communiter

118 1841 150 1890 m
163 1810 376 1894 AEolensibus
393 1810 606 1891 elementum
624 1808 654 1888 F
671 1808 892 1911 usurpaffent,
919 1812 1055 1888 dixisset

118 1965 174 2016 uto
188 1967 255 2017 non
268 1939 342 2038 jam
358 1928 459 2014 BHP
476 1940 532 2013 sed
548 1934 578 2012 F
581 1926 660 2012 ΗΡ.
711 1936 806 2019 Cum
824 1962 908 2013 vero
929 1938 964 2013 in
986 1936 1052 2014 ser·

118 2086 170 2140 one
183 2070 302 2141 lonico
317 2064 526 2165 aspirationis
542 2067 614 2136 Vau
633 2057 781 2168 potestas
797 2062 940 2160 quidem
959 2064 1055 2140 obti-

118 2209 172 2277 ertt,
192 2190 247 2265 sed
276 2191 390 2288 figura
415 2186 602 2287 majuscula
627 2206 719 2261 certe
741 2211 810 2263 non
836 2190 948 2279 item;
970 2188 1053 2266 inde

118 2310 191 2388 dum
207 2315 256 2390 est
273 2337 313 2389 ut
329 2316 572 2388 Romanorum
586 2310 797 2387 dottiffimus
813 2335 857 2385 ex
872 2313 1053 2388 elementis
1152 2381 1153 2385 ,

118 2435 189 2513 »nius
216 2440 253 2514 id
280 2440 487 2527 adhibuerit,
524 2442 620 2538 quod
648 2440 691 2513 ad
726 2438 935 2538 aspirationis
963 2430 1054 2519 iilius

120 2580 185 2639 num
201 2567 359 2664 proxime
377 2566 564 2638 accederet·
612 2566 710 2639 idem
729 2567 763 2639 in
781 2564 884 2663 ipsius
900 2564 1057 2642 Varronis

118 2688 205 2766 mine
222 2690 434 2788 designando
449 2714 470 2765 a
484 2690 629 2786 Diomsto
649 2692 819 2767 Halicatn.
845 2686 979 2771 factum
1003 2694 1056 2768 vi-

118 2828 197 2888 tnus.
248 2815 342 2888 Cum
368 2814 489 2912 utique
511 2815 544 2888 ei
569 2814 723 2889 sermone
740 2814 880 2891 AEolico
896 2843 966 2894 non
983 2817 1055 2915 jam

118 2939 179 3011 :enti
209 2941 387 3039 digamma
420 2936 599 3012 AEolicum
634 2938 798 3012 adhibere
831 2939 928 3015 nefas
959 2940 1054 3034 esset,

118 3060 179 3136 tteri
200 3083 318 3137 autem
344 3063 474 3152 Graeci,
502 3062 562 3136 nist
586 3060 676 3136 forte
695 3060 822 3153 Dores,
848 3067 961 3164 figura
982 3093 1057 3144 ma·

121 3178 191 3260 scula
219 3188 425 3286 indigerent,
464 3213 545 3287 quae
574 3186 703 3261 Latino
732 3190 766 3261 V
791 3190 1056 3290 aequipolleret,

119 3325 142 3378 m
158 3311 272 3388 habuit
289 3314 431 3411 scriptor
445 3314 602 3402 Graecus,
625 3337 699 3413 quo
715 3315 759 3388 ad
775 3339 893 3391 veram
906 3318 1056 3417 potesta

119 3452 146 3504 m
160 3439 296 3537 propius
314 3440 503 3526 accederet,
520 3463 627 3537 quam
646 3453 812 3514 BAPPnN
828 3436 1017 3518 scribendo.

126 3607 254 3689 Horum
285 3635 403 3690 autem
436 3614 706 3690 testimoniorum
741 3619 813 3693 vim
846 3617 1056 3693 imminuere

119 3741 197 3813 ruffe
223 3741 331 3814 videri
355 3760 522 3841 poterunt
543 3764 626 3839 quae
649 3741 743 3840 apud
766 3743 918 3817 eundem
934 3743 1057 3838 Diony-

119 3879 145 3927 'm
166 3865 327 3964 leguntur
351 3891 434 3964 pag.
457 3865 512 3941 16.
538 3865 634 3941 Edit.
655 3867 808 3964 Hudsmt
826 3873 860 3937 '‘.‘
877 3898 902 3943 u
916 3874 1001 3950 sem
1016 3900 1055 3944 π
1078 3924 1081 3931 ,

129 4016 202 4067 mue
218 4000 319 4083 ituit»,
344 3999 435 4069 ieron
455 4029 529 4082 ren
553 4029 597 4072 m
618 4026 725 4094 epm
745 4027 792 4077 m
813 3998 941 4069 naon
965 4014 1057 4080 team

850 4124 877 4206 ᾗ*
901 4127 1058 4193 ΟΥΕΛΙΑ
