2550 4784
463 347 479 435 (
532 336 578 410 vii
629 339 648 429 )

50 518 271 621 supposititio
295 543 318 592 e
338 516 497 616 genuinis
511 517 725 617 dignoscent,
750 521 943 622 primasque
966 528 1055 605 adeo

54 671 128 720 non
148 643 226 742 jam
250 642 727 741 emendationum-scripturi,
754 644 809 718 sed
827 647 1056 748 antisophistae

55 770 233 847 deferunt.
283 767 420 841 Verum
436 768 619 845 enimvero
639 768 716 843 satir
727 767 930 847 ¹festinanter
945 798 985 847 ac
1003 795 1062 853 te..

57 920 157 971 mere
178 893 250 967 hoc
275 889 350 967 fieri
374 893 524 967 videtur.
577 894 725 993 Quippe
750 895 797 968 ad
827 895 1056 996 antisophistoe
1093 980 1096 987 ,

55 1020 277 1123 provinciam
300 1020 535 1095 exornandam
560 1019 609 1092 nil
636 1019 828 1117 quidquam
857 1023 1057 1120 requiritur,

58 1147 121 1225 niii
136 1145 237 1246 quod
253 1143 471 1219 emendatori
487 1143 632 1242 perinde
656 1144 696 1219 srt
722 1145 954 1221 necefftrium.
1005 1153 1059 1225 At

58 1295 140 1372 quae
172 1271 208 1343 in
239 1267 344 1368 hujus
367 1292 512 1341 munere
537 1269 750 1367 praecipuam
772 1289 909 1368 partem
934 1272 1059 1349 consti·

58 1415 179 1481 ruunt,
204 1392 255 1469 ilii
271 1394 341 1467 srne
359 1392 582 1465 incommodo
598 1394 708 1468 deesse
729 1386 922 1495 poterunt„
958 1397 1058 1496 Quid
1159 1387 1163 1397 ’

59 1519 185 1592 enim?
210 1517 333 1591 Unam
353 1517 511 1589 locorum
529 1518 663 1590 classem
680 1520 840 1592 adversus
853 1547 1058 1619 germanam

62 1640 232 1738 loquendi
247 1624 419 1728 normam,
437 1640 579 1714 alteram
598 1641 758 1715 adversus
776 1643 979 1718 indubitatae
995 1646 1061 1721 his·

63 1766 163 1839 toriae
181 1765 290 1839 fidem
307 1787 473 1862 peccare;
499 1764 636 1839 tertiam
659 1767 836 1841 autiorem'
851 1767 951 1843 suum
969 1775 1061 1847 recle

63 1887 291 1962 ratiocinandi
306 1889 507 1986 imperitum
524 1890 687 1987 arguere:
714 1914 876 1988 quartam
899 1894 1061 1994 denique,

64 2013 145 2086 siin
159 2011 423 2111 pseudopuetae
440 2014 571 2111 scriptis
594 2013 747 2102 verseris,
773 2015 909 2114 legibus
929 2020 1063 2118 prosoe.

65 2135 175 2209 diacic
199 2137 373 2211 adversari·
395 2158 492 2211 extra
517 2154 662 2210 omnem
685 2140 925 2214 controversrae
952 2145 1062 2218 aleam

62 2258 214 2358 posuisti.
265 2260 390 2358 Euge!
419 2261 665 2359 Antisophistae
684 2285 814 2334 munus
837 2263 928 2336 laute
953 2268 1064 2339 admi·

65 2382 234 2456 nisttasti:
262 2382 324 2456 nisr
346 2384 437 2460 forte
465 2389 545 2486 quis
572 2386 680 2482 usque
704 2384 791 2459 adeo
820 2386 1065 2463 incommodus

66 2526 176 2605 atque
195 2507 415 2605 importunus
437 2511 635 2608 reperiatur,
660 2528 701 2583 ut
719 2510 834 2607 aliqua
850 2511 988 2610 insuper
1003 2545 1067 2590 ene·

65 2663 152 2724 μιω
166 2631 298 2728 poscat,
322 2632 451 2728 quibus
468 2635 691 2730 sophistarum
715 2652 751 2706 et
767 2635 997 2723 librariorum,
1023 2656 1065 2710 ut

66 2755 270 2828 criticorum
293 2760 444 2845 mittam,
469 2757 601 2856 flagitia
625 2758 961 2856 internoscipoffint.
1010 2763 1064 2834 At

66 2881 163 2954 enim
179 2905 287 2978 quam
304 2883 453 2954 arduum
468 2882 605 2980 insuper
618 2884 719 2955 restet
732 2883 947 2987 emendatori
960 2907 1065 2982 opus,

67 3006 166 3078 mille
182 3026 468 3104 argumentorum
487 3006 588 3079 instar
604 3008 666 3080 effe
687 3026 854 3102 poterunt
878 3007 1066 3081 inconditae

67 3130 289 3204 eruditorum
320 3131 552 3227 complurium
579 3129 798 3227 conjetiurae,
832 3154 920 3228 quos
948 3151 1066 3205 tamen

69 3254 132 3354 ipsi
162 3254 329 3328 vitiorum
359 3253 466 3327 indoli
500 3255 817 3328 commonstrandae·
840 3279 939 3350 pares
968 3253 1066 3327 fuiiie

69 3379 214 3453 uoustet.
240 3379 368 3452 Unum
381 3379 567 3453 Kusterum
581 3379 616 3451 in
629 3379 733 3453 Notis
744 3378 787 3450 ad
796 3377 1064 3476 Aristophanem

70 3505 189 3578 videre
205 3502 256 3576 est
268 3519 402 3576 metrum
418 3503 594 3575 claudicans
608 3504 737 3576 centies
754 3523 966 3599 crepantem,
983 3525 1067 3574 cum

71 3650 187 3707 tamen
217 3648 274 3702 tot
302 3626 458 3702 locorum
490 3651 532 3700 ne
560 3626 594 3698 in
622 3650 695 3699 uno
722 3626 867 3725 quidem
896 3624 983 3695 Viro
1010 3624 1067 3696 cl.

68 3754 267 3854 conjediura
289 3750 437 3824 feliciter
462 3749 603 3823 cefferit.
655 3749 712 3822 Ut
731 3753 775 3822 de
802 3747 866 3821 hac
892 3744 1070 3842 provincia

70 3904 137 3953 non
168 3876 352 3952 immerito
378 3873 456 3970 quis
482 3873 585 3945 hodie
614 3872 752 3962 dixerit,
787 3873 883 3971 quod
910 3869 995 3942 olim
1025 3871 1070 3943 de

68 4017 355 4101 affidaverunt
372 3999 639 4098 Aristophanes:

899 4131 994 4156 ¹¹⁸·-
1009 4125 1070 4169 iim
