2550 4784
459 377 666 474 (485)

114 559 154 633 P.
174 581 251 655 321.
278 558 299 630 l.
319 559 374 655 9.]
406 555 526 653 Hujus
542 557 609 631 loci
627 558 814 687 immemor
830 559 900 658 ipse
915 585 1058 663 quoque

64 709 100 782 p.
120 685 205 776 460.
231 717 363 777 aymam
382 684 528 771 correxi,
555 703 591 757 et
619 707 663 756 ex
686 684 819 758 Platone
842 687 1058 766 confirmavi.

63 810 149 884 -l.
170 835 219 884 11.
245 842 293 896 nr,
321 829 360 880 ut
377 807 473 897 solet,
498 809 624 896 scribit,
650 811 711 882 ubi
729 811 809 886 edd.
828 810 956 887 habent
971 846 1010 890 rr.

112 1058 204 1132 Ibid.
230 1058 340 1157 l.17.]
376 1059 486 1158 Qrod
504 1059 670 1151 Dawestus
693 1066 767 1158 ξιρω
791 1063 849 1159 ξω,
876 1059 999 1135 melius
1023 1076 1062 1135 et

62 1183 180 1255 verius
197 1180 358 1255 videntur
374 1182 547 1279 corrigere
570 1190 688 1280 ιξαςαξω
712 1186 855 1281 Reiskr'us
879 1185 923 1257 ad
940 1185 1005 1257 loc.
1021 1202 1060 1258 et

59 1299 164 1402 Toup.
183 1307 225 1379 ad
244 1307 330 1380 Suid.
350 1308 390 1382 P.
409 1308 435 1381 I.
453 1332 530 1398 142,
556 1310 617 1404 qui
635 1310 750 1398 vertit,
766 1307 909 1407 quomodo
925 1310 1060 1402 voltam

61 1431 259 1528 qfftaenatam
274 1432 464 1519 insolentiam
480 1432 698 1505 contundam?
736 1435 834 1508 Idem
861 1433 945 1509 facit
961 1437 1058 1507 Sanc·

60 1557 255 1659 tamardus.-
281 1557 449 1630 “Versus
473 1560 708 1656 praecedentes
726 1579 763 1632 et
779 1559 959 1657 sequentes
982 1557 1061 1633 sunt

61 1684 228 1758 trochaici
246 1682 457 1771 Cataledici,
483 1705 590 1779 quate
616 1683 730 1756 ethic
756 1683 832 1758 talis
855 1685 923 1759 fine
948 1684 1059 1757 dubio

59 1809 128 1882 else
154 1808 272 1881 debet.
298 1808 396 1905 quod
423 1827 627 1903 corruptum
646 1808 711 1880 ene
724 1809 840 1881 locum
855 1832 923 1881 non
941 1806 1059 1881 minus

59 1956 172 2032 quam
190 1932 313 2022 sensus,
339 1933 475 2006 clamat.
514 1932 731 2005 Restituetur
748 1954 894 2032 uterque
911 1934 1060 2032 legendo

60 2057 216 2155 ‘incid’

109 2304 150 2379 Ρ.
166 2325 248 2401 323.
275 2304 385 2399 l.15.]
412 2311 505 2396 Ηξκσι·
526 2333 632 2402 sanam
648 2339 680 2381 τι
698 2341 823 2397 >ormam
838 2314 934 2398 εξοίὸς.
960 2307 1055 2382 Cum

58 2446 217 2503 metrum
246 2429 456 2517 claudicans,
493 2449 570 2502 tum
596 2431 782 2504 articulum
813 2433 865 2505 bis
894 2432 1058 2505 omilium

57 2551 197 2633 accusat
225 2553 355 2648 Dawes.
392 2554 522 2652 quibus
546 2553 638 2626 vitiis
666 2557 818 2628 occurrit
847 2554 1059 2653 legendo-

59 2707 172 2776 kastam
188 2691 285 2751 ΤΩΝ
302 2713 427 2769 masma
443 2698 470 2750 tt
487 2678 581 2770 ’gorm
607 2681 704 2776 quod
724 2676 857 2754 fadum
881 2680 1059 2778 improbat

59 2801 245 2878 Doroillius
260 2801 303 2874 ad
319 2802 446 2876 charit.
471 2827 508 2900 p.
526 2822 611 2897 450.
662 2805 814 2878 Fortaffe
843 2807 954 2901 magis
983 2804 1058 2900 pla-

58 2951 137 3000 cere
166 2929 278 3024 poffit,
317 2927 413 3025 quod
444 2925 547 2999 simul
575 2923 709 3001 facilius
737 2928 845 3002 etad
875 2925 1055 3027 vulgatam

57 3051 380 3128 accommodatius:

212 3280 310 3311 -·.-
324 3268 431 3340 Quaem
448 3248 483 3315 Δ’
500 3264 526 3316 Η
543 3276 670 3334 >otmunt
684 3248 782 3333 ιξοᾶδς.
1013 3198 1030 3229 ρ
1050 3238 1073 3279 ⁴

57 3431 122 3505 Ad
139 3430 286 3503 eandem
302 3430 554 3505 emendationis
571 3432 755 3521 rationem,
771 3454 843 3530 qua
857 3429 914 3505 hic
935 3441 950 3506 f·
974 3430 1056 3519 'fans
1092 3402 1117 3527 ’-

56 3580 125 3655 pro
159 3562 258 3648 εξοέὸς,
296 3558 385 3629 infra
409 3583 445 3655 p.
470 3574 555 3654 331,
580 3557 697 3631 scribit
723 3594 761 3652 μυ
788 3561 907 3647 'zormu
933 3580 998 3654 pro
1025 3555 1060 3651 μ’
1199 3630 1203 3637 .

57 3710 200 3772 secururs,
226 3700 260 3754 et
278 3706 312 3780 p.
334 3707 411 3779 331,
437 3683 573 3778 n’tllrmr
589 3706 653 3780 pro
669 3691 788 3776 tulupam.
839 3681 895 3753 Sic
912 3702 1058 3777 quoque

48 3806 130 3906 ipse
146 3807 291 3881 Observ.
319 3808 364 3879 ad
381 3806 522 3903 AEschyli
538 3807 572 3881 S.
594 3807 638 3884 C.
651 3808 698 3881 T.
718 3806 802 3901 566.
819 3805 931 3897 fidu
942 3801 1057 3901 scripfi

54 3954 123 4033 pro
139 3937 239 4027 mtn.
278 3932 385 4031 Longo
402 3932 585 4007 articulum
599 3932 776 4007 restituere
791 3929 909 4017 velim,
927 3928 973 4001 L.
990 3924 1056 4000 111.

936 4077 972 4153 p.
994 4057 1052 4129 81.
