2550 4784
663 312 679 401 (
729 301 788 378 nn
839 280 857 393 ’)

250 552 256 561 -
305 512 518 605 Eruditionis
535 512 655 611 igitur,
680 512 779 613 cujus
794 515 1028 613 Specimen'in
1044 516 1113 593 loci
1127 512 1254 602 Milto-

249 665 351 751 ‚nnni
363 662 515 736 versione
527 663 744 752 exhibuerat,
756 665 895 737 tandem
911 669 1059 765 protulit
1069 672 1252 750 Dcwesius

250 813 388 913 insigne
398 813 770 901 documentum,edito
783 814 1085 894 Miscellaneorum
1095 824 1251 902 Cricico·

257 981 337 1034 rum
352 959 465 1035 libro:
493 985 600 1060 quem
618 962 685 1035 viri
700 961 793 1036 dosii
809 964 930 1050 exteri,
957 989 1028 1040 non
1053 970 1175 1047 minos
1199 966 1251 1050 att·¹

253 1130 327 1205 que
354 1111 537 1208 populares
565 1107 652 1206 ejus,
676 1109 821 1186 summis
843 1112 1005 1190 laudibus
1030 1121 1249 1199 extulerunt.

250 1258 483 1339 Laudationis
511 1261 568 1334 vel
593 1261 629 1334 id
657 1285 768 1334 unum
792 1261 869 1337 satis
892 1263 954 1354 eli,
977 1283 1015 1339 et
1030 1268 1122 1343 libro
1138 1273 1250 1345 mui-

255 1433 355 1487 mutn
373 1410 523 1507 pretium
541 1435 611 1484 non
637 1410 711 1485 fieri
732 1413 845 1510 potest
868 1414 954 1512 quin
978 1415 1127 1510 tribuat,
1151 1423 1250 1520 quod

251 1581 338 1637 eum
356 1556 493 1635 summo
510 1559 544 1632 in
565 1560 644 1634 loco
669 1561 854 1659 posuerint,
877 1562 1042 1664 eumque
1059 1566 1152 1640 adeo
1175 1592 1251 1644 cre·

256 1709 409 1787 berrime'
419 1715 455 1804 in
478 1711 735 1787 commentariis
750 1711 813 1785 suis
831 1713 1064 1805 adhibuerint,
1089 1715 1248 1791 Vnnrct·

254 1833 416 1950 nntius,
428 1860 481 1934 vir
494 1884 655 1957 magnus,
665 1882 700 1935 et
716 1862 976 1960 praestantiffimi
987 1862 1062 1958 ejus
1075 1865 1249 1965 discipuli,

178 2005 187 2022 ’
252 2009 436 2089 Piersonus
453 2031 489 2084 et
504 2009 673 2084 Koenius.
697 2010 925 2105 Adhucvero
937 2009 1088 2086 adserunt
1100 2013 1248 2103 Reilleii,

253 2158 361 2236 severi
389 2158 608 2258 ingeniorum
638 2159 769 2248 arbitri,
796 2158 982 2256 judicium,
1015 2161 1081 2259 qui
1112 2161 1248 2235 librum

254 2310 440 2410 diligenter
472 2307 650 2394 recensuit,
676 2310 780 2383 etde
809 2334 853 2386 eo
884 2309 1056 2408 exposuit,
1082 2311 1117 2384 in
1144 2310 1246 2385 Actis

252 2550 358 2612 eedem
372 2551 456 2610 literae
469 2546 637 2607 Bentleianas
650 2545 850 2606 emendationes
861 2547 889 2605 in
905 2547 1083 2608 Comicotum
1096 2545 1169 2620 loce,
1182 2547 1244 2627 qui·

253 2664 310 2728 boe
319 2661 419 2724 Pollux
431 2681 447 2719 a
460 2662 485 2722 se
498 2659 578 2718 dietis
592 2658 674 2718 sidem
697 2675 724 2718 et
747 2659 931 2719 austeritatem
945 2660 1082 2729 conciliat,
1102 2640 1244 2740 complet·

252 2775 388 2838 rebantur.
427 2773 461 2832 In
474 2770 569 2833 iisdem
584 2771 761 2831 Comicorum
783 2771 902 2830 versibus
921 2772 1088 2863 restituendis
1101 2772 1245 2833 Hemster·

252 2893 344 2954 bubus
367 2911 478 2972 quoque
501 2889 616 2950 multum
639 2889 717 2948 studii
739 2888 928 2960 consumserat,
947 2890 1059 2967 pulchre
1081 2891 1243 2964 intelligens,

252 3007 384 3067 summam
406 3005 444 3064 rei
465 3004 493 3062 in
518 3001 574 3062 illis
587 3002 667 3060 verti.
707 3002 864 3066 Enimvero,
885 3003 960 3060 lestis
971 3002 1244 3063 animadversionibus

252 3120 427 3190 Bentleianis,
445 3118 532 3186 videt,
552 3117 659 3176 incnem
682 3135 792 3193 operam
816 3115 887 3174 suam
912 3114 998 3187 fuisse,
1011 3118 1130 3177 alterum
1152 3119 1245 3177 omnia

252 3233 382 3292 divinitus
395 3230 547 3311 expediisse.
569 3230 635 3303 Quo
649 3243 707 3286 tum
718 3229 809 3287 animo
820 3227 1050 3288 Hemllerhustum
1062 3229 1138 3289 fuisse
1149 3233 1244 3309 putas?

251 3347 294 3407 Ite
307 3347 478 3406 conturbatus
491 3347 537 3416 esi,
552 3346 587 3403 ita
600 3343 704 3402 fibimet
719 3342 772 3421 ipse
785 3342 932 3422 displicuit,
945 3360 976 3402 ut
988 3345 1204 3407 emmelinae
1217 3347 1247 3406 in

251 3475 411 3542 perpetuum
431 3457 569 3536 repudiare
592 3459 723 3516 slatueret.
764 3457 827 3517 Nec
841 3478 890 3536 per
904 3458 1021 3517 mensem
1035 3478 1119 3518 unum
1133 3476 1161 3521 et
1175 3459 1241 3519 item

251 3575 377 3642 alterum,
399 3572 474 3631 ausus
495 3571 531 3629 est
554 3571 709 3656 scriptorem
727 3569 857 3629 Graecum
877 3569 1136 3643 attingere--Mox
1152 3587 1242 3633 umen

251 3683 480 3753 Hemslerhusrus,
500 3701 563 3741 cum
576 3681 667 3741 dolori
681 3682 832 3742 successisset
845 3685 986 3758 cogitatio,
1009 3704 1090 3763 quam
1109 3684 1204 3764 inique
1216 3681 1241 3744 se

250 3803 446 3863 adolescentem
459 3820 523 3859 cum
544 3801 638 3860 critico
653 3817 788 3872 veterano,
809 3800 961 3880 eodemque
978 3803 1103 3860 omnium
1120 3802 1242 3879 principe

136 3898 141 3912 “
249 3918 435 3994 comparasset,
452 3932 480 3978 et
492 3916 580 3977 secum
595 3915 746 3990 ingratiam
760 3915 850 3989 rediit,
871 3930 898 3976 et
912 3934 975 3976 cum
989 3914 1098 3976 Graecis
1113 3915 1232 3975 literis.”

1113 4032 1242 4111 Erudi-
