2550 4784
148 293 217 367 tint
246 302 410 427 accentus
442 285 628 381 quantitati
663 288 780 359 minus
758 290 991 432 convenire:
1113 272 1152 353 n

143 1285 265 1384 ponit:
303 1291 329 1327 ‘⁴
344 1281 480 1354 Graecae
506 1280 641 1378 linguae
657 1284 872 1361 ,enuntiatio
898 1306 1041 1375 accentu,

142 1409 338 1508 quantitate
355 1404 479 1479 melius
500 1406 698 1503 procedat?
748 1407 860 1506 Qtod
875 1411 939 1505 qui
953 1432 1014 1507 pro

146 1533 240 1609 baud
261 1530 337 1606 sane
354 1530 512 1627 intelligo
536 1552 599 1601 cur
622 1551 691 1602 non
716 1529 811 1603 idem
829 1536 931 1630 poffit
947 1552 1096 1634 proponet
1145 1536 1164 1607 l:

143 1660 291 1732 alterum
311 1652 566 1754 hujusmodi:‘
570 1657 659 1727 ‘An
681 1655 973 1761 ambulandum
965 1680 1046 1734 inter
1063 1670 1101 1729 ut
1152 1636 1164 1703 l

143 1781 353 1855 currendum
371 1778 497 1877 aliquis
519 1778 608 1877 pede
624 1776 762 1867 dextro,
787 1780 845 1854 vel
860 1781 1007 1873 sinistro
1027 1778 1127 1881 perlt'
1162 1782 1164 1809 '

143 1928 215 1980 uno
231 1902 355 1979 melius
372 1903 424 1976 uti
441 1904 575 2001 pouit?

154 2215 157 2219 .
194 2160 234 2235 Ρ,
254 2180 313 2258 75.
338 2158 455 2254 l.18.]
482 2162 509 2198 ‘⁸
526 2154 648 2242 Mitto,
675 2155 790 2253 inquit
807 2157 903 2232 idem
922 2160 978 2235 vir
993 2162 1112 2237 doffiu

143 2307 235 2371 mus,
261 2307 294 2379 p.
312 2303 394 2376 340.
422 2278 520 2352 ulum
541 2297 760 2383 accentuum,
785 2305 896 2379 quem
926 2309 1047 2360 eorum
1069 2284 1113 2361 do

139 2407 288 2481 seniores
318 2428 568 2502 nonnunquam
592 2401 736 2500 janam,
763 2430 896 2505 nempe
927 2410 1030 2485 illurn
1058 2428 1115 2510 quo

139 2536 244 2606 variae
273 2530 526 2604 vocabulorum
553 2541 698 2622 ὁμωνυμω
728 2530 1001 2635 significationes
1027 2535 1120 2632 drfcc·

138 2670 278 2730 nantur:
304 2655 437 2752 quippe
455 2654 596 2727 varietas
614 2653 730 2728 isthaec
755 2655 826 2727 fine
850 2658 984 2731 talibus
1004 2656 1119 2733 auxiliis

138 2777 239 2853 facile
261 2776 413 2877 dignosci
444 2779 565 2878 potest.
592 2875 594 2879 y
617 2779 706 2851 Aliis
729 2803 876 2877 quoque
906 2781 1038 2882 linguis
1055 2780 1117 2887 lunt
1161 2794 1164 2865 l

138 2904 319 2991 vocabula,
344 2926 424 3001 quae
440 2904 521 2977 alias
537 2904 614 2991 alia,
640 2927 749 3001 eaque
776 2928 1033 3004 nonnunquam
1049 2927 1115 2978 con·

135 3030 250 3115 traria,
267 3028 415 3103 habeant
432 3028 629 3127 fignificata‚
648 3030 741 3103 nulla
758 3048 877 3104 tamen
894 3015 1056 3108 necentur
1069 3052 1114 3101 na

138 3151 237 3228 ritate
259 3150 413 3241 discreta,
438 3176 589 3250 quorum
607 3176 691 3227 vero
708 3151 876 3252 cujusque
891 3158 950 3230 vir
965 3182 986 3232 e
1001 3155 1112 3230 senten·

138 3276 186 3349 tia
217 3273 317 3349 facile
349 3277 459 3374 potest
491 3278 622 3376 colligi.
672 3281 757 3353 Non
789 3280 984 3354 tacendum
1016 3297 1107 3382 autem

137 3395 198 3491 est,
215 3402 419 3477 Graecorum
433 3402 586 3499 optimos
601 3401 922 3478 Grammaticorum
939 3378 1028 3504 ipsot
1041 3400 1109 3496 sept

137 3524 248 3599 varias
275 3526 563 3601 vocabulorumr
551 3563 696 3620 armona
682 3526 989 3626 rsrgnificationet
1015 3528 1113 3604 locun·

1 3718 2 3721 e
136 3642 223 3721 <lum
240 3648 409 3727 diversum
426 3675 548 3729 eorum
565 3671 749 3731 accentum
765 3651 969 3733 discernere.
1003 3655 1111 3731 Μ·
1161 3642 1164 3697 ¹

930 3754 1164 3881 ’n'trj
