2550 4784
485 328 505 437 't
555 365 626 443 375
679 338 697 431 i

102 555 152 612 {ur
180 552 202 602 a
230 557 354 612 mea,
381 537 421 597 ut
447 525 621 616 moereantur,
646 545 668 594 a
694 525 806 613 moira,
832 538 868 597 et
896 529 1043 625 wmtauai
1070 538 1093 624 ᾖ

102 690 196 736 υπὶῑδο

141 779 202 851 Ex
228 797 301 872 quo
326 792 431 871 porro
456 768 665 869 intelligitur
682 770 885 866 etprimitias,
912 773 1010 872 quod
1036 770 1094 864 di.)

102 902 199 988 itur,
225 897 323 971 verbi
348 894 441 968 medii
462 892 639 983 futurum,
665 900 739 968 non
764 893 858 967 aliud
879 897 958 987 effe,
983 904 1120 995 quam‘
1168 912 1174 922 ’

102 1030 264 1098 >affivum
291 1016 466 1106 futurum,
491 1037 528 1092 et
556 1019 601 1091 ab
630 1014 734 1117 hujus
765 1017 975 1095 formatione
1005 1023 1095 1101 nihii

102 1149 240 1247 quidem
258 1146 405 1233 differre,
431 1143 488 1216 sed
504 1143 549 1217 ab
567 1141 633 1218 alia
648 1141 764 1218 forma
780 1144 893 1219 vicina
906 1147 999 1222 oriri.
1036 1149 1095 1227 Ut

102 1274 192 1349 :nim
212 1298 231 1345 a
248 1270 369 1345 futuro
385 1248 640 1361 attivo'woim,
666 1268 764 1345 verbi
779 1277 888 1360 mio,
912 1272 954 1347 fit
969 1280 1098 1368 weita-t

102 1437 159 1488 ιω,
186 1419 221 1470 et
239 1396 283 1469 ab
299 1405 436 1493 ippum,
462 1404 645 1490 ampinana,
671 1395 769 1493 quod
789 1394 839 1470 est
859 1397 1029 1497 primum,
1053 1419 1095 1479 ut

102 1541 236 1609 uocant,
262 1520 379 1617 paffivi
395 1516 570 1608 futurum,
595 1518 643 1592 stc
658 1536 696 1592 er
711 1540 731 1591 a
746 1515 868 1596 futuro
883 1507 971 1618 min,
994 1525 1096 1614 verbi

102 1684 179 1735 m,
205 1649 245 1718 fit
270 1623 404 1740 wuston,
430 1662 466 1718 et
493 1644 538 1717 ab
562 1651 650 1740 οςιξω,
673 1641 797 1718 futuro
814 1647 914 1721 verbi
941 1682 1032 1751 φεμ,
1056 1651 1097 1732 fit

102 1781 229 1871 ιρξομω,
256 1772 352 1869 quod
369 1769 523 1868 primum
544 1760 612 1852 ‘effe
639 1768 767 1842 dieitur
791 1771 897 1846 medii
920 1771 1095 1850 futurum.

102 1899 145 1970 Et
164 1899 230 1971 hoc
248 1897 371 1969 clarius
389 1896 570 1994 apparebit
590 1917 634 1969 ex
657 1893 774 2004 verbis'
796 1925 880 1987 oanan
895 1916 932 1972 et
947 1933 1049 1995 ainau,
1074 1923 1098 1976 a

102 2046 249 2120 quorum
265 2019 393 2095 futuris
419 2020 551 2109 aetitia,
576 2047 674 2107 omna
699 2037 735 2094 et
757 2055 873 2120 nnana,
897 2020 1096 2099 formantur

102 2147 215 2222 futura
233 2149 359 2246 paffiva
375 2163 573 2240 onum-et
588 2177 750 2240 πμωμω,
774 2167 857 2243 qoae
881 2171 902 2220 a
920 2162 1096 2245 gramma·

102 2272 174 2347 titis
203 2272 304 2345 fimul
332 2290 369 2344 et
398 2293 463 2368 pro
486 2267 643 2343 secundis
666 2267 803 2367 paffivis
827 2248 952 2368 et-pto
974 2271 1096 2372 primis

102 2399 223 2472 mediis
241 2396 414 2472 habentur
429 2391 568 2469 futuris.
1092 2447 1095 2453 -

147 2521 280 2619 Neque
296 2519 361 2594 alia
377 2519 426 2594 est
442 2519 529 2592 ratio
550 2518 664 2614 futuri
683 2516 813 2616 secundi
840 2518 934 2595 medii
958 2515 1103 2619 nonaum.

102 2647 197 2744 quod
216 2646 309 2718 idem
324 2646 373 2718 est
390 2669 430 2718 ac
448 2645 553 2717 medii
566 2629 725 2743 ¹primum
742 2665 779 2720 et
791 2663 984 2744 utrumque
997 2651 1097 2747 paffi·
1195 2743 1200 2754 .

102 2793 198 2857 vum,
212 2768 407 2866 eodemque
425 2767 560 2869 prorsus
578 2768 684 2842 modo
698 2768 902 2857 formatum,
920 2769 964 2843 ad
980 2770 1098 2864 diver-¹

102 2893 185 2981 iam,
209 2916 357 2989 eamque
381 2893 546 2981 vicinam,
571 2889 723 2988 ejusdem
746 2895 843 2969 verbi
868 2896 1019 2972 formam
1044 2921 1097 2972 re·

102 3018 283 3092 ferendum
300 3019 359 3091 est.
405 3019 459 3091 Ut
475 3020 570 3091 enim
586 3028 719 3112 wicum,
746 3018 900 3116 primum
918 3019 1027 3097 medii
1040 3020 1099 3096 fu·'

102 3165 222 3218 turum
243 3142 415 3221 formatur
441 3145 486 3217 ab
509 3145 624 3218 aeiivo
640 3141 761 3220 futuro
777 3151 864 3237 maia,
890 3148 1061 3222 mutando
1076 3187 1099 3222 ω

101 3269 137 3339 in
166 3304 231 3361 ιμω
261 3267 580 3365 (quemadmodum
603 3267 756 3365 primum
781 3271 898 3366 passivi
923 3269 1097 3360 futurum,

102 3396 273 3486 nomana,
298 3389 482 3478 formatur,
508 3415 528 3465 a
552 3389 675 3465 futuro
699 3391 827 3483 activo,
848 3401 978 3484 noim,
1001 3396 1098 3496 quod

102 3517 140 3589 fit
162 3541 182 3588 a
205 3522 320 3603 notio,
346 3539 382 3600 et
399 3515 587 3591 secundum
605 3516 723 3614 paffivi
737 3514 913 3609 futurum,
937 3525 1097 3612 manum,

102 3640 272 3714 formatur
289 3667 308 3714 a
325 3640 448 3719 futuro
465 3640 577 3713 auito
598 3676 711 3729 maa,
736 3642 833 3739 quod
861 3643 903 3725 fit
929 3666 951 3717 a
975 3643 1098 3732 mm)

102 3764 145 3838 fic
170 3764 216 3836 ab
234 3765 337 3838 activi
361 3762 484 3839 futuro
507 3764 629 3839 lonico
653 3798 743 3845 tama
761 3771 844 3864 (pro
856 3769 977 3856 mm)
1000 3763 1100 3843 venit

102 3921 247 3983 nmina,
272 3908 309 3963 et
324 3912 385 3992 pet
402 3888 674 3970 contractionem
690 3925 826 3984 omna,
850 3887 948 3987 quod
973 3887 1100 3964 imme·

101 4011 169 4084 tito
186 4030 315 4089 vocant
330 4011 522 4092 secundum
539 3993 645 4093 medii
661 4011 846 4106 futurum3
862 4014 950 4093 dum
965 4029 1101 4103 contra,

947 4145 1101 4229 quatuor
