2550 4784
478 306 638 411 (v)'

36 504 342 633 quaemcunque
359 521 493 623 arripiat
509 523 554 599 de
572 482 739 598 laudibus·
756 524 963 606 Bentleianis
985 533 1051 610 de-'
1131 616 1141 625 ,

42 678 227 767 trahendi,
243 695 356 774 atque
371 674 417 748 ita
432 675 538 749 etiam
555 693 595 749 ut
611 676 759 748 affirmet
773 643 984 768 Bentleium,
1006 681 1050 755 il-

48 830 132 904 lum
148 829 256 902 etiam
273 823 525 900 Diffettationis
538 821 748 896 Phalarideae
763 825 948 916 auctorem,
965 828 1052 903 nihil

52 978 94 1051 in
106 973 243 1049 Gtaecis
254 973 466 1070 cognovisse,
492 972 607 1047 nisiex
620 970 798 1046 indicibus
809 976 971 1072 petitum.
991 978 1051 1052 in·

56 1124 198 1197 dicibus
214 1121 362 1219 quidem
378 1122 435 1196 vel
453 1122 612 1210 aliorum,
637 1121 695 1195 vel
722 1145 741 1194 a
767 1123 800 1198 se
829 1122 901 1222 ipso
928 1150 972 1201 ex
995 1125 1053 1201 sua

57 1270 347 1348 Adversariotum
379 1252 585 1369 supelleiiile
612 1258 777 1345 confedis
806 1275 905 1345 usum
939 1243 1051 1366 fuiffess

59 1418 243 1519 probabile
257 1418 316 1493 est.
350 1419 398 1493 Et
414 1418 535 1517 quidni
552 1419 632 1492 usus
649 1418 781 1494 fuerit?
812 1422 852 1493 In
871 1447 905 1496 re
921 1423 1051 1514 subtili,

62 1566 125 1643 ubi
143 1568 299 1641 maxime
316 1569 475 1641 omnium
485 1564 598 1642 fallax
615 1569 679 1643 effe
698 1568 780 1642 solet
793 1571 971 1661 memoria,
989 1597 1052 1647 eur

64 1717 308 1814 exprobretur,
333 1716 428 1814 quod
459 1716 634 1791 memoriae
667 1713 868 1814 adjumento
894 1718 946 1792 fit.
995 1719 1053 1794 Ex

69 1864 246 1942 indicibus
268 1862 348 1939 sene
375 1865 541 1939 accuratis
565 1866 715 1939 multum
743 1866 791 1940 est
813 1867 1053 1960 emolumenti,

67 2015 168 2112 quod
199 2015 243 2089 nd
273 2015 414 2089 Gtaeeas
442 2012 555 2088 literas
584 2015 764 2090 redundet.
811 2018 930 2090 Nemo
957 2016 1054 2091 enim

70 2161 177 2238 nescit
203 2182 292 2262 quot
315 2163 485 2237 vocabula
512 2162 558 2235 ab
584 2160 787 2250 Abteschio,
812 2164 928 2235 avitis
944 2164 1055 2238 doetis

67 2313 102 2386 in
122 2310 351 2387 Miscellaneis
362 2310 679 2396 observationibus,
692 2335 712 2384 a
723 2310 905 2400 Munthio‚
916 2313 985 2385 dcc.
1004 2312 1058 2385 in-

67 2458 183 2533 dicata
208 2457 352 2548 fuerint,
376 2484 458 2559 quae
486 2484 507 2533 a
533 2459 710 2558 Stephano
738 2457 877 2556 aliisque
901 2459 1057 2534 Lexico·
1186 2486 1190 2494 ’

66 2609 210 2707 gmphis
233 2611 353 2684 omiffa
370 2609 458 2684 sunt.
509 2610 561 2682 Hi
578 2626 693 2682 autem
712 2608 921 2682 Lexieorum
939 2603 1057 2683 defec-

69 2775 128 2828 tus
142 2781 187 2830 ex
203 2759 369 2831 accuratis
383 2757 559 2832 indicibus
571 2756 704 2855 optime
717 2756 863 2829 resarciri
879 2775 1075 2853 poterunt..

69 2908 119 2982 Et
134 2908 176 2981 ad
194 2930 363 3006 magnum
382 2907 584 2982 Graecarum
601 2905 777 2979 literarum
803 2904 1056 2976 incrementum

69 3075 201 3154 ageret,
224 3058 287 3154 qui
305 3056 439 3131 Indices
456 3058 639 3130 conficeret
655 3055 870 3150 Scriptorum
887 3050 1058 3148 Tragico-

72 3230 171 3292 nume
184 3204 438 3305 Aristophanis,
447 3205 646 3290 Menandri,
662 3223 696 3277 et
704 3204 875 3301 quidquid
887 3202 1058 3300 reliquum

71 3359 115 3432 fit
136 3356 393 3441 Comicotum3
423 3353 615 3428 Aristotelis
644 3356 818 3450 Operum,
842 3355 885 3427 ad
912 3353 1060 3425 modum

72 3505 336 3585 Winstanleiani
360 3503 489 3578 Indicis
515 3503 549 3575 in
566 3501 694 3575 librum
712 3501 756 3574 de
772 3501 929 3586 Poetica3
954 3498 1060 3573 Lexi-

73 3682 194 3733 eomm
219 3675 381 3733 veterum
406 3655 593 3743 editorum,
616 3671 654 3729 et
680 3652 885 3726 ineditorum
912 3665 999 3746 quot
1024 3645 1060 3718 in

77 3807 295 3885 Bibliothecis
317 3824 464 3892 extent;
489 3803 763 3891 Vocabulorum,
789 3823 869 3898 quae
885 3799 920 3870 in
939 3797 1062 3870 veteri·
1174 3839 1177 3843 ν
1271 3837 1273 3841 -

79 3957 144 4035 bus
170 3957 329 4057 Scholiis,
357 3972 393 4030 et
416 3979 437 4028 a
461 3951 703 4028 Grammaticis
727 3952 798 4027 five
812 3966 949 4049 τιχηκοις
974 3964 1062 4017 trac·

930 4109 1061 4178 tantur,
