2550 4784
653 292 670 384 (
717 289 753 369 vi
805 294 820 386 l

242 494 374 568 tantur,
392 476 460 552 &a
484 475 540 551 De
558 471 622 548 hac
639 497 676 549 re
692 472 825 573 optima
840 470 994 573 sperabat
1001 472 1238 572 Merrickius,

242 628 305 731 qui
331 644 469 700 tantum
492 623 657 713 studium,
683 642 826 725 tamque
852 624 1000 699 multam
1024 648 1169 727 operam
1196 630 1236 711 in

240 799 283 851 α
295 773 422 873 posuit,
448 792 489 846 ut
507 772 873 873 Indices-Graecorum
891 773 1235 871 quamplurimorum

242 923 444 1023 scriptorum
460 925 599 1023 singulis
610 921 755 998 vocibus
767 922 958 999 constantes
975 947 1111 1003 curaret
1123 931 1233 1006 confi·

243 1073 396 1149 ciendos.
418 1073 787 1172 IndicumSpecimen*
800 1075 1236 1179 OxoniieTypographeo

243 1223 521 1299 clarendoniano
536 1223 590 1297 edi
607 1244 768 1321 coeptum
784 1220 863 1299 fuit.
890 1226 1038 1315 Verum,
1056 1227 1153 1323 quod
1170 1227 1234 1302 do·

243 1372 387 1449 lendum
416 1373 477 1462 est,
506 1371 678 1447 utilissimo
694 1371 835 1447 confilio
853 1372 1034 1449 intercessit
1050 1376 1233 1453 Metrickii

244 1548 354 1614 mors,
374 1549 450 1624 quo
479 1523 593 1599 minus
619 1524 825 1621 perficiatur.
874 1526 1048 1599 Accurata
1063 1524 1160 1634 eeim
1176 1483 1239 1600 In·-

156 1654 159 1659 ¹
243 1673 362 1751 dicum
388 1676 475 1750 ratio
499 1675 544 1749 ab
569 1698 612 1749 eo
635 1673 824 1770 defigam,
849 1671 910 1745 etsi
936 1671 1112 1747 intellellu
1142 1672 1235 1749 diffi-

243 1825 310 1899 cile
324 1822 385 1912 est,
407 1824 589 1923 quomodo
605 1825 734 1923 pueris,
760 1843 797 1897 et
807 1823 924 1920 prima
949 1824 1081 1921 linguae
1097 1824 1234 1900 Graecae

244 1974 650 2069 elementaldiscentibus
671 1992 746 2049 tam
776 1971 871 2047 utilis
896 1973 962 2045 elle
987 1974 1100 2071 poffit,
1124 1995 1232 2070 quam

246 2123 354 2199 vellet
378 2141 413 2197 et
437 2142 575 2222 putaret
598 2123 652 2195 vir
679 2122 817 2207 dolius,
842 2137 877 2194 at
902 2118 976 2194 aliis
994 2138 1110 2193 tamen
1127 2145 1235 2220 quam

245 2271 395 2347 maxime
413 2275 491 2347 elset
508 2272 704 2346 commoda„
733 2272 839 2345 Hanc
855 2293 939 2342 vero
956 2269 1117 2345 Indicum
1128 2295 1235 2371 opem

245 2444 349 2495 nemo
383 2420 497 2493 minus
523 2419 702 2508 defideret,
727 2442 833 2519 quam
860 2417 1045 2492 Bentleius.
1095 2418 1143 2493 Et
1172 2421 1236 2519 qui

243 2568 338 2644 dicat
353 2570 527 2644 mliorem
551 2568 764 2667 Phalarideae
791 2568 1139 2666 Differtationis,„(ex
1164 2594 1236 2666 qua

244 2718 278 2827 se
303 2719 384 2819 plus
424 2716 611 2817 profecisse,
644 2734 770 2815 quam*
789 2742 833 2794 ex
873 2719 947 2792 ullo
985 2717 1053 2793 alio
1089 2717 1236 2815 aequalis

244 2866 336 2943 libro
355 2866 554 2956 voluminis,
579 2865 744 2967 profellus
773 2866 822 2941 est
850 2866 1084 2956 Dodwellus,)
1110 2888 1235 2941 omnes

245 3017 412 3093 dostrinae
435 3018 505 3094 suae
528 3018 646 3117 copias
675 3017 719 3093 ab
744 3018 814 3093 istis
840 3017 1057 3095 adminiculis
1075 3016 1132 3092 vel
1147 3017 1236 3092 hau-

245 3167 329 3258 fiffe‚
342 3171 399 3244 vel
409 3168 553 3269 potuille
566 3170 690 3254 etiaim
709 3192 842 3243 netum
856 3171 955 3268 plane
969 3167 1129 3267 iniquum
1143 3165 1239 3243 fece·

246 3313 317 3390 rint
334 3316 481 3413 partium
499 3316 618 3391 studia.
653 3317 721 3391 Sed
737 3340 859 3415 quem,
878 3342 967 3394 -cum
984 3320 1020 3395 in
1036 3318 1124 3394 vivis
1140 3320 1235 3407 effet,

244 3461 407 3539 Clarkius
424 3463 531 3563 longe
546 3466 703 3541 omnium
718 3465 979 3545 eruditiffimum
991 3467 1152 3555 vocabat,
1165 3490 1236 3541 non

246 3612 352 3692 hodie
367 3639 456 3715 opus
472 3616 533 3705 est,
560 3634 600 3690 ut
617 3618 644 3690 is
661 3615 705 3691 ab
722 3615 841 3716 iniqua
856 3615 1104 3693 obtreilatione
1121 3614 1237 3691 vindi·

246 3780 356 3838 cetur.
395 3763 531 3841 Scilicet
556 3763 731 3840 infinitum
760 3765 841 3841 elset
869 3767 987 3841 laudes
1012 3788 1134 3841 omnes
1156 3786 1237 3837 eru·

424 3989 444 4027 ⁸
464 3990 498 4052 ln
511 3989 680 4065 Longinum,
698 3988 863 4071 Ennepium,
883 3989 1055 4054 Hieroclem.

1063 4091 1235 4180 ditorum,
