2550 4784
456 222 472 316 (
522 219 595 313 408
651 210 670 309 l

64 418 92 458 u
115 412 287 485 Hmunr
303 382 428 476 AEolicu
445 398 593 473 dialeslo
617 394 723 470 usum
745 395 910 495 prtuff:
933 400 1058 501 deniq!

66 542 93 580 ‘⁶
117 557 160 609 ex
177 526 378 604 testimoniis
393 525 495 621 ipsius
512 539 737 620 poematum,
768 545 846 597 una
870 547 957 598 cum
976 524 1058 625 scrip

66 666 93 703 “
118 675 234 731 torum
248 673 406 727 veterum
417 646 632 735 auctoritate,
644 668 774 719 reuera
786 671 832 722 en
844 648 950 724 fuisse
961 651 1056 727 usum:

65 788 94 827 “
118 799 223 880 atque
240 773 496 851 adeoAEolr'cutn
504 770 700 868 Digamma
714 771 768 844 ab
780 775 965 850 Homericis
977 777 1058 875 soip·
1084 852 1087 863 ,

66 913 96 953 “
120 903 165 979 tia
191 901 265 975 alut
294 923 364 973 non
386 893 685 973 alienum.’¹'-Et
712 894 800 969 lraec
832 897 1057 975 munau
1085 910 1087 1025 ἰ

67 1030 299 1130 progreffione
315 1042 350 1097 et
365 1021 573 1121 cognatione
589 1019 804 1096 Graecarum
830 1022 1057 1117 dialefinrum,
1085 1084 1087 1093 .

10 1142 14 1151 ’
65 1172 104 1231 et
128 1152 174 1227 ‹le
194 1148 365 1226 AEolismo
390 1145 597 1232 Homerica,
620 1142 832 1222 summatim
862 1148 1007 1248 quidem
1028 1168 1057 1224 et
1085 1140 1088 1229 ᾗ

67 1275 208 1362 leviter,
232 1273 289 1349 sed
307 1269 398 1345 utin
415 1268 562 1368 praesens
577 1266 774 1367 potuimus.

117 1401 165 1475 ll.
190 1398 240 1473 Et
261 1418 345 1470 cum
367 1393 444 1470 satis
460 1409 624 1491 appareat
638 1393 850 1471 Honora·
866 1394 1053 1481 oramoeo.

70 1544 238 1622 magnam
263 1520 298 1594 in
323 1536 473 1615 partem,
496 1518 564 1593 effe
583 1515 742 1603 Aulium
765 1534 880 1614 atque
900 1518 987 1594 adeo
1003 1516 1052 1593 ln

69 1668 214 1745 gamma
245 1645 313 1719 suit
345 1642 478 1743 scriptis
510 1664 578 1715 non
615 1638 847 1731 abhorruisse,
889 1644 939 1720 de
974 1646 1052 1744 figur
1086 1670 1089 1745 g

70 1791 214 1869 quoque
246 1767 308 1844 illo
344 1768 446 1845 sunul
486 1767 685 1845 Dawefirno
719 1770 797 1867 [³]
839 1767 919 1867 jam
956 1775 1050 1867 aslum
1086 1754 1089 1891 l

71 1894 138 1967 esi'e
171 1893 338 1969 videatur.
395 1894 529 1968 Verum
563 1916 646 1967 cum
680 1888 738 1968 ille
773 1896 858 1993 post
891 1899 974 1974 aliur
999 1922 1049 1999 pu·

72 2037 161 2093 taret
193 2016 289 2116 ligna
322 2016 360 2110 [ἶ
383 2033 420 2091 et
444 2015 480 2112 ']
514 2016 654 2091 inventa
684 2014 803 2110 fuisse,
838 2040 884 2097 ut
911 2022 985 2101 duur
1008 2046 1047 2097 rer

71 2141 214 2239 &unsar
245 2142 491 2242 exprimerent,
529 2159 635 2239 atque
666 2143 757 2217 adeo
791 2145 886 2221 illud
913 2173 976 2248 pru
1000 2151 1046 2232 He,

13 2350 19 2363 ‚
71 2266 141 2343 boe
170 2290 255 2343 vero
281 2285 323 2341 ut
350 2263 418 2363 ipse
446 2264 581 2365 primur
608 2264 783 2358 censebat,
813 2296 886 2371 pro
910 2276 981 2349 Vua
1001 2296 1046 2372 po

72 2394 201 2478 sttum;
226 2390 250 2465 st
276 2391 364 2465 effici
386 2393 486 2487 polfit
502 2408 542 2464 ut
558 2390 738 2489 probabile
755 2394 929 2472 videatur
941 2394 1046 2472 drtillt

72 2518 167 2615 signa
184 2512 311 2588 eundern
328 2512 565 2610 aspirationem
583 2513 785 2613 defignaffe,
801 2521 984 2596 cumulate
996 2519 1046 2597 lo·

73 2643 129 2716 san
146 2657 353 2738 argumento
368 2636 445 2713 satis
461 2635 641 2714 faciemus.
664 2641 795 2738 Atque
811 2644 862 2730 de
874 2645 941 2721 hac
951 2663 1046 2720 reret·

73 2767 117 2842 ba
132 2762 293 2859 Francisci
307 2763 392 2862 Wrse
408 2762 559 2861 proferre
574 2764 674 2837 liceat
686 2764 727 2839 *.
770 2774 800 2813 “
817 2771 919 2847 Cum
934 2772 1047 2868 antiqu

70 2893 237 2967 dialeslus
265 2889 370 2988 paulo
395 2889 580 2978 emolliret,
603 2908 723 2987 atque·
738 2891 976 2990 alphabetum
997 2895 1048 2970 ele·

73 3035 272 3089 mentorum
294 3035 441 3087 numero
457 3034 653 3112 augeretur,
677 3015 927 3113 DigammaF
944 3015 1047 3118 negligi

72 3140 193 3235 caepit;
214 3159 251 3211 et
267 3158 470 3234 antequam
487 3138 521 3210 in
538 3138 808 3214 desuetudinem
826 3145 963 3240 prorsus
978 3142 1046 3218 abie-

73 3265 129 3350 rit,
157 3261 271 3336 forma
298 3260 373 3357 ejus
399 3260 489 3335 farta
511 3259 579 3334 fuit
607 3262 754 3350 mutila,
780 3264 833 3339 ita
858 3289 901 3342 ut
925 3267 1046 3364 superius

72 3389 162 3463 linea
180 3387 371 3473 tolleretur,
391 3385 457 3458 hoc
477 3387 593 3472 modo,
611 3403 652 3476 ις
678 3388 736 3461 vel
752 3393 904 3487 quando
919 3405 1045 3487 naq-nu

71 3512 278 3601 scribebant,
304 3511 348 3584 lic
369 3531 403 3590 r,
451 3513 623 3610 Utrunque
642 3511 738 3627 enim
759 3513 907 3615 fignum
921 3514 1044 3616 ospitati·

114 3741 132 3778 ⁸
152 3743 288 3835 &quirico
313 3744 462 3822 meaning
485 3736 530 3803 ebe
546 3744 610 3825 first
629 3745 795 3819 subissem,
815 3746 875 3811 &a
904 3753 941 3827 'f
958 3747 1040 3823 Μ’·

71 3855 103 3918 Ρ·
122 3855 188 3916 ¹³4·

990 3939 1037 3995 atu
