2550 4784
511 318 512 322 ¹
643 286 659 380 (
709 285 745 359 iv
795 287 810 377 )

223 449 323 566 quod
352 465 504 563 Angliee
533 463 681 538 dicimus
710 470 738 540 is
767 466 912 564 bringing
939 470 1036 543 about
1063 496 1105 545 α’
1108 491 1205 569 peace.

222 592 335 668 Hunc
362 612 480 663 autern
507 592 787 689 qualemcunque
816 616 966 666 errorem
993 619 1076 671 eum
1100 602 1206 674 erudi·

221 733 338 789 torum
357 718 604 812 plerorumque
620 715 780 788 omnium
796 716 976 807 doetrinae,
1002 740 1078 793 turn
1095 725 1212 822 praeci.

221 866 294 943 pue
319 841 494 938 cujusdam
522 841 715 914 auetoritati
742 853 926 939 acceptum
951 844 1074 934 refero,
1101 862 1212 947 aquo

223 966 420 1064 hujusmodi
446 967 595 1065 aliosque
624 966 716 1038 haud
744 990 873 1064 paucos
899 969 1122 1048 barbarismos
1147 976 1213 1047 ele·

223 1093 420 1190 gantiarum
445 1092 593 1176 nomine
610 1090 770 1188 insignire
795 1091 994 1199 didiceram.
1045 1098 1214 1195 Septimo,

221 1244 328 1312 naun
352 1251 384 1291 er
405 1231 514 1309 aarum
536 1214 666 1288 locutio
687 1213 736 1287 est
759 1215 892 1288 Graecis
923 1217 1053 1312 ignota.
1105 1221 1135 1292 F
1138 1241 1215 1292 utu·

222 1367 302 1418 rum
333 1345 455 1439 utique
486 1338 611 1413 formae
640 1340 806 1438 optativae
840 1340 948 1414 nihilo
978 1344 1105 1442 reliiut
1132 1370 1214 1421 eum

221 1467 391 1567 particula
419 1502 451 1542 ar
478 1461 713 1562 conjungitur,
738 1488 845 1561 quam
874 1466 1010 1564 optanti
1039 1469 1215 1546 tribuitur.

223 1592 297 1667 Adi
315 1611 430 1669 autern
448 1591 488 1664 fis
505 1614 587 1688 pag.
610 1612 690 1680 ¹04·
716 1588 851 1663 Vocem
868 1614 972 1688 porro
988 1595 1072 1684 idne,
1100 1602 1214 1688 (accu-

224 1717 329 1792 ratius
345 1725 420 1808 ens,
445 1739 526 1789 nam
543 1715 644 1788 lones
661 1715 783 1788 dicunt
798 1718 922 1804 uwel«)
939 1739 1020 1813 quae
1045 1716 1143 1792 locum
1162 1719 1218 1792 hic

225 1864 347 1943 quater
367 1843 523 1928 denotat,
548 1861 728 1936 perperam
751 1838 852 1912 toties
877 1838 1033 1913 adhiberi
1057 1865 1127 1914 non
1145 1840 1218 1938 jam

114 2029 118 2038 .
224 1970 269 2041 de
289 1968 395 2064 plano
412 1968 585 2051 assevero;
613 1965 649 2038 id
665 1986 784 2038 veroa
800 1964 1004 2064 scriptorum
1019 1992 1101 2041 vere
1117 1970 1218 2044 Grae·

224 2119 345 2168 corum
365 2093 503 2167 nemine
520 2115 676 2190 unquam
690 2089 821 2165 saelum
837 2093 901 2166 effe
919 2092 1004 2166 mihi
1019 2093 1217 2190 persuasum

224 2221 285 2297 est.
335 2221 427 2294 lllud
456 2218 608 2315 denique
639 2239 708 2289 non
739 2206 913 2289 immerito
944 2219 1217 2314 reprehenderis,

222 2349 321 2457 quod
345 2346 453 2423 verba
473 2343 529 2420 hie
551 2356 735 2412 occurrant
757 2340 950 2439 analogiam
973 2342 1100 2438 partim
1124 2346 1219 2417 Atti-

224 2489 314 2558 cam,
341 2467 468 2567 partim
494 2466 647 2539 ionicam
672 2462 864 2538 referentia.
914 2465 1073 2539 Diversae
1095 2466 1219 2563 utique

224 2595 376 2671 Graeciae
388 2591 553 2666 dialectos
569 2589 744 2664 neminem
763 2614 918 2690 unquam
932 2591 1018 2665 letio
1028 2577 1219 2666 confudisse

224 2718 441 2805 crediderim,
468 2715 529 2790 nifi
554 2715 616 2813 qui
644 2715 776 2788 nullam
809 2699 969 2790 accurate
998 2717 1218 2792 intellexerit.

224 2841 335 2938 Cujus
364 2841 412 2916 rei
441 2859 649 2939 argumento
672 2840 721 2915 est
744 2841 841 2940 quod
865 2843 960 2941 apud
980 2844 1220 2941 Arijlopbanrm

224 2966 352 3065 legitur
368 2967 449 3040 Pac.
467 2968 553 3064 928.

274 3159 340 3233 ΤΡ,
365 3157 406 3219 Te
420 3156 467 3216 au
479 3155 550 3216 neu
566 3173 605 3215 ert
620 3147 688 3214 bre
703 3175 757 3217 rut
772 3169 890 3246 noenum
917 3156 985 3217 XO.
1010 3144 1118 3230 OWI,

274 3280 338 3343 ΤΡ.
363 3278 477 3354 0w13
509 3281 577 3340 XO.
605 3280 665 3340 Neu
685 3299 730 3359 μα
753 3289 800 3341 Ar.
850 3281 917 3342 ΤΡ.
943 3281 1030 3342 Anne
1051 3291 1119 3343 ‘turo
1146 3303 1167 3362 y
1190 3299 1219 3347 la·

520 3403 710 3463 1anon

272 3529 317 3590 Te
331 3526 406 3615 §lue
420 3550 453 3606 γ.
503 3528 571 3589 ΧΟ.
596 3528 727 3595 amru
742 3549 777 3621 7⁹.
801 3525 826 3590 ir
840 3547 867 3591 tr
881 3539 1022 3604 ramme

275 3646 344 3733 (sse
356 3675 411 3740 χμ
425 3664 548 3732 nultum
562 3666 632 3730 ntra
649 3639 730 3727 ren)
755 3649 778 3712 ir
793 3643 927 3732 κώμην
1054 3698 1057 3719 2

272 3778 334 3852 tn
350 3795 383 3839 n
399 3779 460 3840 nn
474 3791 561 3862 nm
576 3776 783 3855 rnnnenz,
808 3771 913 3837 own

217 3949 399 4041 Nimirum
417 3973 500 4026 eum
513 3949 652 4040 Chorus
668 3960 762 4027 0W1
782 3951 893 4050 (unde
905 3949 1119 4052 Latinorum
1133 3950 1220 4038 ovis)

304 4074 308 4082 ’
370 4073 374 4079 ’
1022 4073 1223 4170 protulerit,
