2550 4784
418 314 623 410 (113)

355 593 591 698 sucu
650 615 724 698 ιν.

118 807 262 906 incentis
275 819 363 924 ſsoe
393 800 644 932 adspirationis
672 804 806 918 VAU,
834 833 950 934 prout
980 808 1019 910 iri

118 978 233 1030 *mone
249 947 437 1027 Homerico
454 946 647 1040 obtinebat,
663 947 820 1031 virtutis
837 957 916 1033 corn
926 967 1018 1061 pro·

118 1072 247 1157 edrocae
264 1083 342 1153 tom
359 1070 750 1182 anologicaespecimem'.

166 1316 233 1390 {U
258 1313 306 1388 est
331 1313 427 1411 quud
450 1311 534 1388 fecit
557 1314 614 1388 CL
632 1311 802 1402 Bmtleios,
832 1333 872 1388 ut
892 1316 1024 1391 Homeri

118 1330 151 1525 >
169 1439 367 1528 ¹editionem
384 1438 563 1535 digamma
575 1439 714 1512 AEolico
728 1437 925 1535 insignitam
943 1465 1023 1516 eru²

118 1567 348 1664 expectarent.
399 1563 573 1635 Elementi
594 1562 734 1659 quidem
762 1564 855 1664 istius
876 1567 1023 1664 potesta-

122 1676 163 1762 in
181 1692 314 1762 Homeri
335 1686 466 1783 scriptis
485 1688 569 1760 olim
594 1687 789 1775 obtinuisse,
815 1712 854 1760 ac
880 1690 1026 1784 proinde

118 1839 135 1886 n
165 1813 268 1887 hodie
298 1812 415 1885 haberi
444 1831 603 1910 oportere
631 1814 779 1908 figuram
808 1813 877 1887 five
905 1833 1026 1888 notam
1176 1802 1179 1807 ⁸

118 1961 182 2010 ram
200 1961 272 2033 qua
294 1936 353 2008 ista
369 1934 517 2032 potestas
535 1934 741 2031 designetur,
767 1935 802 2008 id
819 1935 894 2008 sane
911 1956 947 2009 et
963 1960 1027 2010 nou

141 2060 217 2135 viro
245 2060 302 2132 Cl.
326 2060 560 2154 communiter
580 2061 728 2155 agimusr
780 2060 874 2133 Cum
900 2062 1026 2138 eodem

141 2208 212 2256 non
234 2184 360 2256 itidem
379 2183 544 2257 sentimus
566 2181 677 2280 ipsum
703 2182 788 2254 illud
816 2185 1027 2259 elementum

118 2307 146 2380 is
170 2331 277 2407 quam
301 2308 358 2380 vel
380 2307 617 2380 Hebraeorum
640 2305 696 2379 vel
711 2307 873 2382 Arabum
896 2311 966 2380 Vo'u
991 2309 1028 2381 in

118 2457 153 2505 ea
169 2434 302 2507 Homeri
318 2449 480 2531 poemata
495 2428 730 2505 invehendum
744 2464 756 2518 3
781 2429 915 2529 quippe
932 2412 1029 2530 quod

118 2557 152 2629 is
167 2559 314 2631 AEolicae
333 2557 510 2655 proprium
533 2554 630 2629 fuiffe
649 2579 718 2627 non
736 2579 808 2629 uno
824 2555 952 2628 indicio
968 2559 1028 2632 ad-

118 2681 133 2752 :i
147 2683 409 2755 confirmemus.
451 2683 606 2753 Primum
624 2702 742 2753 autem
760 2679 820 2769 est,
837 2681 941 2777 'quod
958 2680 1028 2755 huc'

118 2825 249 2895 intuno
271 2804 431 2878 corisensu
450 2823 608 2878 veterum
631 2803 831 2877 testimonia.
883 2803 1029 2878 Horum

118 2956 157 3002 :m
172 2932 344 3029 praecipua
361 2929 445 3002 libet
463 2925 660 3004 describere.
700 2937 724 2969 “
742 2929 795 2999 At
811 2914 1029 3024 grammatici

118 3056 205 3129 iltem
222 3079 344 3129 omnes
363 3055 397 3126 in
415 3054 501 3126 hanc
519 3053 730 3126 descendunt
750 3075 864 3124 rerum
883 3055 1031 3126 tenuitm

118 3202 175 3270 em,
210 3180 363 3254 desintne
391 3177 515 3274 aliquae
550 3177 650 3250 nobis
679 3175 867 3248 necessariae
896 3176 1031 3264 literae;

118 3327 165 3376 run
179 3330 259 3379 cum
278 3303 403 3377 Graeca'
420 3302 598 3376 scribimus
616 3308 710 3395 (tum
731 3300 824 3374 enim
844 3299 888 3372 ab
910 3298 1031 3374 iisdem

118 3423 178 3500 luas
199 3428 416 3516 mutuamur)
442 3424 499 3499 sed
524 3427 661 3524 proprie
684 3426 718 3498 in
741 3425 874 3500 Latinis
893 3463 905 3514 3
932 3447 972 3500 ut
993 3427 1030 3498 in
1095 3444 1098 3451 ·

118 3548 268 3645 rusorum
288 3574 324 3626 et
340 3553 464 3648 volgus,
490 3551 746 3624 AEOLICUM
771 3549 1032 3624 DIGAMMA

118 3668 329 3752 terreatur?
348 3673 503 3772 >QirtiL
521 3676 593 3767 [nst.
612 3676 707 3748 Oret.
723 3668 798 3750 Lib.
817 3674 845 3748 Ι.

121 3856 132 3888 ‘
153 3856 244 3933 Versa
260 3859 335 3932 vice
353 3857 377 3931 fi
394 3858 435 3930 fit
451 3856 545 3954 prior
561 3856 615 3946 U,
638 3855 801 3955 sequatur
818 3853 886 3940 illa,
912 3851 964 3950 [Ι]

118 3979 130 4008 *‘
152 3978 230 4059 Cum
246 3985 326 4059 dicu
341 3980 426 4071 uide,
453 3981 603 4058 contulit
619 3982 635 4056 1
652 3982 774 4057 sonum
792 3977 919 4079 priori3

521 4106 550 4180 P
915 4108 943 4184 f‘
969 4101 1036 4176 Ast
