2550 4784
114 343 218 425 ·266
285 334 736 415 MISCELLANEA
775 333 1039 418 CRITICA.

143 520 306 606 curationi
330 517 492 593 examine
519 516 676 591 instituto
703 519 860 615 comperi
887 522 1041 619 poetjsA
1063 522 1086 541 ··
1119 536 1126 575 ι

144 674 214 725 non
240 647 369 722 licuisse
397 646 503 718 ullam
529 643 794 740 diphthongum
816 643 958 721 elidere.
997 647 1035 720 Vi

143 774 287 873 quidem
305 771 371 844 hoc
388 768 501 867 prima
516 766 604 842 facie
622 793 692 841 non
711 793 788 843 raro
805 771 894 860 fieri,
913 774 965 845 uti
980 772 1011 845 in
1024 771 1080 847 itu:
1119 773 1125 839 s

292 970 379 1024 Ευω
396 987 410 1023 u
426 948 605 1040 ψνῶιγῖιλκ
621 981 658 1023 ur
673 948 794 1040 oeysrhtc.

292 1091 351 1145 Aah
368 1108 407 1148 un
422 1107 518 1171 >pragen
534 1107 607 1146 wir
622 1105 696 1168 rprae-
721 1094 807 1147 [Ioue
821 1090 936 1169 Αἰχιλι.

143 1249 196 1321 At
213 1268 330 1320 revera
347 1241 535 1316 verborum
553 1279 618 1321 ena
638 1262 675 1317 et
698 1280 797 1320 mm
822 1244 949 1319 ultima
970 1247 1090 1320 duourt
1124 1321 1129 1331 ,

141 1371 271 1443 vocalis
296 1367 451 1455 eliditur,
476 1366 583 1440 altera
610 1388 728 1441 autem
753 1392 837 1443 cunr
861 1373 974 1471 prima
994 1371 1090 1470 sequen
1125 1354 1129 1373 ⁶

142 1496 230 1568 tium
246 1494 353 1585 aysuo
371 1510 406 1563 et
422 1509 520 1586 nawa·
537 1515 600 1589 per
613 1491 721 1565 crasrn
734 1493 902 1570 coalescit.
929 1498 1048 1595 Aliapo

141 1615 333 1716 cujusmodi
351 1614 442 1702 sunt,
1083 1592 1090 1607 ’

337 1794 384 1854 Or
399 1795 445 1853 ull
461 1807 552 1854 κσλασ
565 1786 633 1873 ιξιςτ
647 1815 694 1873 μοι
708 1812 753 1861 aas
775 1808 885 1862 arurae·

214 1957 222 1975 .
243 1931 246 1937 '
337 1925 404 1978 Hm
418 1936 453 1997 με
468 1939 521 1998 μμ
538 1936 613 2003 toppo
627 1939 673 1986 w
689 1942 735 1981 orn
750 1941 870 2003 penny.

140 2085 257 2159 minus
287 2083 379 2156 recle
404 2080 701 2179 repraesentantur.
752 2084 906 2180 Oportet
937 2109 1014 2160 vero
1036 2115 1090 2162 aaa

140 2212 228 2305 σαξιςι
247 2228 283 2283 et
299 2241 449 2303 μιμιπῃςι,
476 2230 545 2280 non
564 2204 657 2280 secus
677 2227 782 2305 atque
800 2206 836 2280 in
854 2248 941 2310 ψ,
963 2227 1092 2300 aaran

140 2333 308 2407 fimilibus
325 2332 399 2405 fieri
416 2331 588 2405 videmus.
640 2333 733 2405 Haec
751 2337 894 2431 inquam
912 2337 960 2410 est
975 2361 1042 2411 vera
1053 2359 1092 2434 pu

141 2457 252 2531 testas.
302 2456 369 2529 Per
394 2480 451 2529 me
475 2477 591 2529 tamen
617 2456 738 2531 licebit
759 2481 899 2533 exarare
924 2487 995 2561 quo
1010 2462 1094 2534 melius

141 2583 327 2656 verborum
354 2582 510 2680 analogia
529 2579 768 2679 conspiciatur,
794 2613 905 2660 onam
926 2594 979 2678 ξιςι
997 2609 1028 2660 et
1041 2620 1095 2679 >aa

140 2740 213 2802 araga.
266 2706 387 2779 Restat
405 2706 545 2781 tertium
562 2729 688 2803 genus,
716 2707 750 2779 in
768 2733 840 2804 quo
865 2706 1096 2807 hodiernaequi·

139 2831 221 2902 dem
239 2829 404 2902 lectiones
426 2829 687 2927 diphthongum
707 2831 831 2928 syllaba
850 2834 957 2908 etiam
976 2830 1097 2908 brevise

137 2974 269 3049 quente
293 2953 407 3028 elisam
431 2955 612 3029 exhibent.
663 2958 704 3029 Id
731 2959 827 3054 quod
856 2959 879 3030 s1
909 2961 997 3033 rene
1020 2959 1096 3039 fieret,

135 3076 410 3151 observationem
429 3078 577 3152 nostram
595 3078 751 3152 funditus
773 3079 997 3158 subverteret.
1039 3081 1097 3154 Hu-

130 3200 285 3307 Justnodi
310 3222 488 3301 quotquot
519 3178 622 3276 hodie
652 3205 766 3277 notavi
796 3207 886 3294 lora,
914 3234 995 3280 cunr
1019 3224 1097 3304 pauca

136 3328 327 3400 admodum
345 3328 422 3415 srnt,
435 3328 521 3401 libet
539 3328 594 3399 hic
612 3328 714 3400 semel
732 3329 865 3424 singula
882 3335 1096 3429 perstringere:

189 3529 203 3578 1
231 3518 300 3581 [Iera
316 3536 361 3581 m
377 3535 437 3595 apra
455 3518 656 3593 ΚΑΛΕῙΣΘ,
683 3513 858 3599 amioum
874 3542 981 3608 mppr.

186 3655 206 3705 2
233 3650 291 3709 naa
306 3664 330 3723 μ
346 3643 585 3715 ΑΠΑΓΧΕΣΘ,
609 3640 674 3705 im
690 3649 912 3724 οςχςθω-
1044 3688 1049 3697 -

185 3778 204 3849 3
233 3768 468 3831 ΑΠΟΛΟΥΝΤ
484 3790 513 3852 ap
530 3771 585 3828 oud
601 3789 622 3828 ot
637 3776 744 3831 brmr'
769 3793 783 3825 u
800 3790 844 3853 W
859 3773 898 3827 a&
912 3789 990 3830 artur.

259 3971 268 4010 r
295 3951 377 4012 Nub.
392 3953 461 4032 778.
565 3971 581 4010 a
603 3971 631 4010 v.
649 3957 718 4032 984.
827 3972 842 4031 3
866 3973 896 4010 u.
918 3957 1003 4030 1183.

958 4140 984 4206 4
1006 4133 1100 4211 luta
