2550 4784
596 252 869 359 (xxxviii)

224 457 288 561 jos
304 455 393 533 hanc
410 451 497 529 mihi
513 452 681 529 rationem
695 451 867 531 constitui.
919 448 953 525 Ε
975 455 1210 537 commentarit

231 610 388 685 virorum
414 605 700 692 dofflsfimorum,
734 603 769 678 in
797 601 920 702 primis
948 602 1213 701 Venerantur,

231 756 437 847 Ptrnsour,
461 756 623 846 Korurt,
646 753 787 854 collegi,
812 776 896 855 quae
911 754 1060 834 Dawefii
1075 755 1218 835 observa·

233 905 347 982 tiones
365 906 420 980 vel
437 929 544 980 novar
561 924 598 981 et
613 904 737 981 dubias
755 902 1013 995 confirmarent,
1038 907 1108 999 rel,
1132 907 1220 1006 quod

232 1052 347 1155 majus
375 1055 441 1129 effe
469 1053 666 1147 videbatur,
690 1050 789 1131 fusas
817 1052 1042 1153 corrigerent.
1091 1055 1135 1136 ln
1165 1056 1223 1133 hrt

234 1223 350 1282 autem
367 1224 465 1305 parte
488 1204 660 1281 summam
684 1226 785 1280 novae
812 1201 975 1279 editionis
999 1224 1124 1279 curam
1146 1204 1224 1307 poni

235 1354 363 1430 debere
391 1353 590 1455 sentiebam.
641 1354 765 1452 Itaque
782 1353 825 1426 ad
843 1353 941 1429 istam
958 1378 1033 1429 rem
1050 1355 1230 1457 diiigenter

234 1500 316 1577 dedi
332 1526 489 1601 operam,
506 1523 546 1578 ut
562 1503 775 1581 Criticorum
792 1502 900 1580 libros
916 1505 1120 1582 evolverem
1134 1533 1146 1585 a
1171 1530 1230 1583 oe·

235 1675 304 1751 que
321 1671 438 1727 tamen
456 1653 505 1728 ita
520 1653 679 1733 evolvisse
702 1652 850 1753 sperem,
875 1673 1004 1729 utnon
1021 1655 1154 1731 multas
1168 1655 1229 1731 ob·

233 1799 440 1880 {errationes
464 1806 508 1879 ad
524 1804 722 1881 Dawesrum
751 1802 960 1901 pertinentes
989 1804 1233 1905 imprudenter

233 1954 457 2052 praeterirem.
507 1952 796 2055 Qrouexemplo
813 1950 1029 2055 couperihex
1045 1956 1233 2047 Dorvillio,

233 2098 296 2198 qui
308 2100 662 2183 animadversionibus
678 2106 713 2177 in
731 2101 912 2177 Chariton.
930 2126 966 2201 p.
977 2125 1038 2203 37,
1056 2105 1102 2179 ad
1118 2123 1235 2204 partes

234 2269 338 2323 vocat
352 2252 498 2332 Drwesri
513 2250 691 2328 observata
706 2250 751 2324 de
760 2250 905 2347 perferte
921 2252 958 2328 vi
981 2253 1079 2330 verbi
1105 2267 1175 2349 ru,
1197 2274 1236 2334 et

234 2397 409 2493 defutura
426 2399 612 2474 verborum
628 2432 692 2492 ειμι,
709 2432 808 2492 eram,
824 2400 894 2475 &n
921 2401 962 2475 P.
984 2422 1066 2499 153.
1084 2400 1131 2477 de
1149 2399 1235 2477 mas·

234 2554 342 2628 culini
357 2554 494 2653 generis
519 2551 695 2648 adieffivis
714 2573 748 2629 et
770 2553 961 2653 participiis
978 2578 1064 2631 cum
1087 2554 1235 2633 semina.

234 2699 275 2777 P..
299 2723 380 2800 191,
415 2701 566 2778 Dubitat
591 2727 635 2778 an
665 2704 757 2778 reste
787 2720 937 2802 negetur
964 2703 1061 2802 apud
1089 2704 1235 2783 Atticos

235 2848 312 2948 post
328 2864 407 2950 aper,
423 2882 519 2939 euru,
535 2853 605 2926 &o
630 2876 713 2953 quae
729 2850 885 2928 usrtatius
901 2851 1087 2950 geminum
1113 2851 1234 2930 adscis-

236 3021 323 3077 cunt
338 3004 585 3094 accusativum,
611 3002 766 3104 unquam
790 3003 936 3078 omnino
951 3001 1112 3079 donnum
1125 3000 1234 3078 ‚adhi-

236 3152 322 3227 beri.
373 3154 413 3228 P.
433 3152 518 3251 256,
544 3153 617 3252 agit
639 3153 684 3227 de
701 3150 840 3229 Pindari
865 3151 1107 3250 Pyth.v1.4.
1134 3149 1235 3231 etde

234 3301 298 3378 usu
314 3303 564 3402 praepofitionis
581 3338 615 3381 ur
631 3299 793 3399 subjecere
808 3336 841 3395 ηι
858 3334 931 3388 oen
945 3300 981 3373 in
1002 3300 1120 3377 verbis
1137 3323 1233 3399 rotn-

235 3451 367 3552 posrtia.
418 3454 460 3529 P.
489 3476 574 3554 290,
597 3449 835 3555 Digamtuatis
864 3447 1033 3550 potestate
1062 3448 1175 3527 utitur
1199 3445 1234 3527 in

236 3603 273 3677 in
289 3603 368 3679 loco
383 3602 591 3679 Homerico.

286 3756 421 3843 Nemo,
439 3751 575 3853 opinor,
594 3748 681 3827 mihi
702 3751 789 3827 vitio
807 3767 930 3838 vertet,
955 3743 1052 3845 quod
1071 3766 1142 3823 non
1158 3764 1234 3818 om·

239 3922 301 3976 nes
322 3901 468 3980 Daneoi
495 3896 708 4001 conjecturas
736 3920 773 3979 et
800 3901 978 3979 observata
995 3891 1236 4007 erpenoenm.

1138 4043 1234 4118 Nam
