2550 4784
183 319 247 451 *iu
326 349 775 447 MlscELLANEA
814 330 1080 448 eumue·

200 557 292 654 Agit
316 555 371 627 hic
396 553 602 627 Terentianus
625 552 670 625 de
697 540 859 648 anapaesti
886 551 923 625 in
949 552 1045 629 versu
1062 528 1139 647 heroi

199 683 275 782 post
288 681 483 778 spondeum
498 675 667 752 venientis
682 679 918 752 incommodo.
948 681 999 752 At
1012 673 1139 778 cujusuo

202 803 468 886 incommodum
496 803 680 901 suggerere
708 802 873 889 voluerit,
896 786 1030 899 quotus
1047 795 1139 902 ⁴quisqt

199 934 341 1009 obsecro
365 956 409 1003 ex
436 929 578 1024 vulgata
603 928 752 1001 lectione
777 926 933 1000 divinare
957 931 1103 1026 poterit?
1128 927 1139 1000 i

200 1087 257 1136 me
274 1059 393 1135 omnia
410 1055 549 1141 fallunt,
567 1053 717 1126 totidem
734 1038 912 1126 verbis'stc
930 1040 1059 1152 scripfit
1072 1038 1139 1126 Gur

93 1191 95 1194 ’
202 1183 370 1284 tuitiense
434 1278 469 1289 Ἰ.

248 1335 322 1426 1³0ss
329 1327 498 1428 spondeum
513 1329 629 1400 aut'e'm
647 1331 702 1400 sic
722 1322 882 1413 ventem,
907 1341 1007 1400 mutet
1020 1341 1129 1424 oportet,

297 1458 343 1531 Ut
360 1455 415 1547 isti
432 1453 540 1548 uersus
546 1455 620 1550 jam
636 1451 734 1541 docet,
760 1451 856 1546 legem
872 1456 978 1525 metri.

198 1608 340 1704 Nempe
361 1627 405 1679 ex
431 1604 495 1677 hac
515 1596 666 1678 tertione
689 1601 840 1695 dicimus
863 1601 1139 1701 anapaestum‘spu

200 1735 268 1809 deo
292 1729 484 1828 subjeetum
510 1729 596 1803 iilud
618 1730 652 1801 in
678 1724 710 1799 se
734 1726 808 1800 vitii
830 1725 971 1816 habere,
997 1725 1139 1827 quodiegt

197 1863 290 1934 metri
310 1861 475 1939 immutet3
503 1854 568 1926 hoc
594 1851 656 1941 est,
683 1870 835 1925 metrum
860 1853 1041 1930 heroicum
1060 1855 1138 1928 inu

197 1981 378 2079 paesticum
404 1997 595 2051 convertat.
646 1973 759 2074 Cujus
782 1978 830 2050 rei
852 1980 1060 2078 exemplum
1081 1972 1139 2055 veri

177 2093 305 2206 prior,
332 2106 384 2181 uti
414 2130 433 2177 a
465 2104 565 2178 nobis
595 2099 772 2176 restitutus
802 2101 1137 2192 est,1uculentiffim

196 2233 348 2307 exhibet.
399 2233 508 2305 Nune
525 2229 638 2316 vides,
664 2252 737 2325 quo
753 2229 845 2305 iensu
863 2255 902 2305 ac
917 2229 999 2329 jure
1021 2229 1139 2310 umuli

197 2379 308 2445 cetur,
334 2357 380 2428 Ut
396 2357 449 2447 iste
466 2352 644 2450 (proxime
660 2350 879 2450 ptaece'dens)
895 2358 1080 2457 versusjam
1093 2349 1139 2428 dtu

248 2657 334 2752 urg.
356 2655 415 2747 65.
442 2653 464 2725 1.
485 2612 529 2745 41

295 2801 493 2902 Sedfortaffe
503 2817 599 2898 putes
614 2772 733 2913 nullum
749 2770 924 2924 contingere
940 2788 1075 2902 uersum,

344 2929 433 3027 Quin
451 2926 546 3002 ullam
564 2951 671 3000 earum
685 2933 719 3000 in
735 2930 872 3024 regulam
889 2954 950 3002 non
965 2930 1105 3004 incidau'

197 3077 238 3153 In
257 3078 358 3151 variis
376 3080 489 3179 Ludit.
509 3079 658 3153 habetur
674 3077 746 3175 Qui
761 3077 891 3165 trullam.
942 3084 1040 3180 Que
1053 3075 1139 3181 quide

196 3203 302 3276 dictio
328 3203 447 3299 paullo
472 3203 668 3278 accuratior
688 3204 745 3278 est.
796 3204 864 3278 Sed
893 3209 1027 3280 utrovis
1051 3207 1139 3280 demu

196 3403 244 3463 De
266 3419 324 3479 quo
348 3399 384 3460 stc
407 3400 548 3481 Dawefius
565 3403 596 3462 in
616 3402 816 3464 Addere-‘⁴
832 3403 975 3480 Equidem
995 3406 1139 3465 divinaret

195 3512 271 3576 queo
285 3494 355 3573 quid
371 3508 482 3553 tantum
503 3496 535 3554 in
555 3498 768 3576 typographum
791 3497 991 3570 commiserim,
1014 3516 1045 3558 ut
1066 3500 1096 3558 iu
1115 3517 1139 3558 ve

194 3591 291 3673 priore
304 3614 339 3670 ep
351 3592 459 3651 veniens
473 3593 604 3671 anapesti
618 3608 698 3653 notas
713 3591 955 3670 superscribendo,
967 3608 1054 3677 atque
1067 3596 1096 3654 io
1108 3594 1139 3654 ait

196 3690 256 3768 post
270 3692 337 3748 docet
349 3687 563 3777 distingueudo,
577 3690 784 3777 emendationis
798 3689 908 3772 alioqui
922 3686 1090 3770 neutiquam
1103 3691 1139 3752 ob

195 3789 310 3849 laudem
323 3788 553 3867 qualemcunque
571 3788 643 3848 mihi
662 3789 809 3847 inviderit.
852 3774 910 3847 Sed
929 3782 1008 3848 enim
1028 3789 1139 3852 fatone

92 3950 100 3965 ἱ
193 3901 253 3962 quo
266 3883 303 3939 ab
317 3882 397 3940 annis
412 3882 524 3962 aliquot
537 3881 611 3943 mihi
625 3881 941 3963 perquuptsplemuiter
951 3880 1002 3943 usu
1014 3885 1105 3955 venit,
1116 3903 1139 3946 ut

193 3975 370 4048 hominibus,
392 3976 428 4036 dc
447 3977 554 4059 quibus
573 3977 646 4040 bene
667 3978 880 4060 quodammodo
898 3979 1018 4041 meritur
1040 3981 1104 4056 sim,
1124 4002 1139 4043 u

195 4070 313 4133 viciflim
327 4069 441 4130 habear.

1096 4195 1139 4243 m(
