2550 4784
663 285 821 380 (¹)

241 511 269 550 “
294 500 393 577 fuisse
409 491 691 595 deprehendatur
704 489 861 578 Audon
886 505 922 564 at
937 490 1105 567 monstrat
1119 510 1243 573 tamen

240 666 267 703 “
292 654 462 750 infignem
478 649 616 724 Graecae
631 647 765 744 linguae
791 642 965 743 peritiam,
992 667 1104 717 raram
1119 666 1158 719 et
1174 645 1243 721 sol-

240 815 268 853 “
293 806 423 880 licitam
442 802 485 876 ad
503 800 648 880 minima
664 820 814 896 quaeque
832 794 1075 885 attentionem,
1101 796 1241 871 diutur-

237 966 264 1002 “
289 977 370 1032 narn
393 974 477 1026 cum
498 948 732 1048 Aristophane
755 944 1057 1033 consuetudinem,
1083 944 1189 1044 sagax
1205 964 1242 1020 et

238 1114 265 1152 “
291 1103 379 1181 felix
397 1100 580 1198 ingenium
598 1096 805 1172 Criric'um.”

286 1257 369 1352 Jam
386 1253 481 1327 edito
498 1248 696 1348 Specimine
712 1243 938 1333 Miltoniano,
963 1260 1058 1317 certe
1075 1266 1150 1317 non
1175 1241 1237 1318 libi

237 1403 397 1508 placebat
420 1399 608 1475 Dawesrus.
659 1397 827 1494 Namque
852 1395 993 1467 nonita
1022 1395 1134 1492 longo
1160 1393 1238 1493 post

237 1553 349 1633 multa
373 1551 405 1626 ei
432 1550 534 1625 inesse
560 1548 648 1622 vidit
672 1546 769 1636 vitia,
803 1569 887 1643 quae
913 1541 1071 1643 profecta
1095 1545 1236 1621 tandem

238 1705 366 1805 reperit
393 1728 437 1777 eit
459 1702 575 1774 minus
593 1699 765 1797 perspedla
790 1699 927 1772 Graecae
951 1698 1084 1794 linguae
1110 1696 1237 1773 indole.

238 1856 375 1931 Torum
394 1853 481 1927 adeo
507 1851 538 1923 se
561 1849 709 1923 contulit
726 1851 768 1922 ad
787 1849 1079 1948 diligentissimam
1095 1849 1237 1951 scripto·

236 2026 317 2084 rum
343 2003 378 2076 in
401 2000 521 2100 primis
538 2000 742 2075 Atticorum
767 1999 951 2073 lectionem
966 1986 987 2074 :⁸
1002 2001 1136 2098 quibus
1161 2000 1235 2077 tani

237 2172 309 2230 tam
327 2150 428 2226 inivit
443 2149 744 2239 consuetudinem,
768 2168 811 2223 ut
830 2150 960 2224 Atticae
975 2151 1138 2228 didionis
1154 2148 1236 2254 pro·

236 2303 401 2400 prietates
416 2319 452 2376 et
467 2299 657 2396 elegantias
673 2298 776 2396 plane
802 2300 836 2374 in
863 2319 1047 2377 numerato
1064 2302 1234 2381 habuerit.

235 2452 318 2547 Jam
344 2471 430 2524 vero
454 2471 497 2522 ex
522 2446 587 2522 hac
603 2468 714 2547 parte,
739 2469 846 2549 atque
862 2447 955 2524 felici
971 2450 1077 2557 etiam
1096 2452 1238 2553 ingenio

237 2598 420 2695 largissime
450 2594 648 2684 instructus,
672 2596 861 2674 editionem
887 2619 1072 2697 poetarum
1094 2586 1233 2682 nterea

202 2773 316 2860 ,rum
346 2747 568 2836 moliebatur,
593 2747 724 2848 quibus
752 2745 944 2849 adjungere
972 2750 1166 2828 Pindarum
1200 2773 1238 2832 et

102 2877 104 2881 ¹
235 2896 439 2973 Homerum
457 2895 646 2985 constituit,
663 2897 768 2996 quod
785 2898 951 2998 exipsius
971 2899 1175 2999 praefatione
1192 2904 1237 2981 ad

235 3043 459 3123 Miscellanea
476 3045 607 3120 Celtica
624 3047 866 3146 cognovimus.
898 3050 951 3124 Ea
966 3030 1086 3128 autem
1102 3054 1137 3128 in
1153 3079 1237 3157 pro·

209 3182 215 3189 ²
237 3194 354 3272 vincia
368 3196 635 3272 administranda
650 3198 738 3297 quid
753 3203 917 3297 potuerit,
934 3237 1070 3299 πκμκιῳ
1086 3205 1139 3280 uti
1156 3231 1237 3283 eru·

235 3345 329 3425 ditos
356 3347 469 3423 voluit
493 3346 725 3422 Miscellaneis
749 3348 801 3422 his
828 3350 979 3427 Criti‘cis.
1030 3352 1081 3428 Et
1109 3353 1237 3431 Pinna

234 3520 316 3572 rum
333 3493 410 3570 lane
428 3495 585 3571 tradavit
602 3497 638 3572 in
653 3499 811 3574 Secunda
827 3496 1135 3579 Miscellaneorum
1157 3506 1238 3580 Sec-

235 3643 347 3732 tione3
373 3644 577 3722 Homerum
596 3647 631 3720 in
644 3667 787 3746 quarta;
813 3648 849 3724 in
866 3651 989 3750 quinta
1005 3676 1092 3728 vero
1108 3655 1237 3732 Poetaa

233 3789 386 3865 Atticos.
438 3794 548 3894 Qrod
564 3794 609 3868 ad
625 3796 816 3872 Pindarum
834 3817 870 3873 et
886 3801 1102 3893 Homerum,
1121 3826 1233 3879 unum

233 3957 309 4018 erat
347 3964 610 4042 argumentum,
656 3947 754 4047 quod
790 3948 1012 4054 praecipuum
1043 3951 1232 4053 spectabat.

1022 4058 1026 4072 .
1094 4102 1238 4201 Nempe
