2550 4784
67 375 137 453 Da
157 366 333 451 Coias'oni
350 367 435 452 siva
454 369 620 454 Ansam.
633 372 723 452 Vno
738 368 944 456 vimen:
976 376 1051 482 '1'17'

101 565 133 602 “
158 557 196 630 V
212 578 296 630 vero
307 554 385 630 loco
400 554 615 631 consonantis
631 556 739 655 posita
755 542 902 634 eandem
919 558 1054 657 prorsus

46 691 77 731 ⁸⁴
105 681 146 755 in
179 680 345 756 omnibus
375 681 448 756 vim
484 682 606 755 habuit
637 682 728 781 apud
761 682 921 772 Latinos,
945 708 1054 783 quam

51 814 83 854 “
108 805 205 905 apud
228 805 405 881 AEOLES
429 805 688 881 DIGAMMA
712 809 754 880 F.
780 810 875 883 unde
897 835 918 883 a
940 807 1056 907 pleris-

52 939 81 979 “
106 954 181 1029 que
205 931 238 1005 ei
264 955 390 1005 nomen
417 932 699 1030 [lNDlTUM‚]
725 934 822 1032 quod
842 937 937 1034 apud
953 936 1076 1009 AEo„

55 1063 85 1107 ⁸‘
109 1054 205 1129 LES
223 1055 349 1131 habuit
364 1057 448 1129 olim
465 1058 496 1129 F
511 1058 782 1146 DIGAMMA,
807 1060 843 1131 id
860 1060 909 1132 est
925 1060 1054 1149 VAU',
1160 1148 1164 1155 .

56 1187 85 1223 “
110 1179 157 1252 ab
174 1180 279 1276 ipiius
293 1202 380 1255 voce
397 1178 606 1279 profectum,
625 1183 708 1255 teste
721 1183 878 1257 Varrone
894 1201 928 1257 et
944 1185 1054 1279 Didy-

56 1310 85 1353 “
112 1326 186 1390 mo,
212 1302 274 1402 qui
300 1304 393 1378 idei
424 1330 552 1378 nomen
579 1307 646 1381 effe
670 1307 867 1391 ostendunt.
892 1314 1055 1406 proquo

58 1435 84 1473 “
110 1428 217 1525 Caesar
243 1427 334 1503 hanc
364 1430 510 1528 figuram
542 1456 570 1527 tl
601 1430 746 1523 scribere
778 1433 913 1507 voluit:
957 1431 1055 1531 quod

10 1544 30 1649 ἰ
58 1561 84 1599 “
110 1552 273 1652 quamvis
293 1553 342 1627 illi
367 1556 459 1627 recte
480 1555 590 1629 visum
616 1557 676 1644 est,
702 1556 819 1632 tam'en
842 1557 1055 1630 consuetudo

58 1686 86 1721 “
111 1679 256 1778 antiqua
276 1676 456 1776 superavit.
507 1680 612 1753 Adeo
633 1703 748 1755 autem
765 1682 831 1755 hoc
848 1704 970 1753 verum
992 1680 1055 1767 cstg

58 1804 209 1902 “quod
234 1804 525 1902 proAEOLICO
550 1807 578 1878 F
602 1805 857 1881 DIGAMMA
883 1804 928 1877 V.
954 1806 1056 1901 poni-
1182 1878 1192 1899 ,

25 1958 31 1975 ·
58 1936 86 1974 “
109 1947 192 2017 tun
216 1928 313 2027 quod
336 1926 424 2002 ficut
449 1930 498 2002 illi
520 1930 673 2004 solebant
700 1932 855 2027 accipere
876 1930 1056 2026 digamma

55 2059 83 2109 θ’
106 2052 140 2127 F
155 2076 224 2153 pro
237 2054 445 2127 consonante
463 2053 621 2149 simplici,
648 2054 731 2129 teste
749 2055 902 2151 Astyage
919 2053 981 2150 qui
999 2052 1053 2126 di·

57 2183 83 2221 “
107 2176 211 2250 verfis
229 2176 299 2250 hoc
313 2178 461 2255 ostendit
478 2177 643 2264 verfibus,
661 2199 700 2251 ut
714 2179 748 2251 in
768 2178 833 2251 hoc
850 2177 947 2251 versu
964 2192 1054 2250 010·

58 2308 88 2356 ⁹⁸
109 2316 259 2377 ΜΕΝοΣ
284 2311 480 2378 tonantia
504 2301 855 2378 animumn-*fic
881 2325 944 2373 nos
966 2306 1056 2396 quoss
1116 2382 1117 2386 Ν

57 2436 86 2477 “
110 2451 180 2527 que
196 2450 262 2525 pro
277 2426 421 2524 fimplici
439 2426 607 2501 habemus
628 2429 834 2503 consonante
851 2426 1056 2523 pierumque

56 2561 82 2596 “
106 2553 144 2623 V
159 2552 240 2625 loco
256 2554 286 2626 F
302 2552 481 2650 digamma
496 2555 661 2651 positum,
687 2573 741 2640 ut,
1048 2562 1051 2567 '

107 2684 134 2720 “
149 2679 199 2751 At
210 2676 333 2749 Venus
350 2676 439 2749 haud
453 2683 556 2750 animo
571 2682 765 2781 nequicquam
777 2679 928 2752 exterrita
940 2684 1055 2749 mater:

58 2825 160 2898 “Et
188 2826 229 2920 [ι.
253 2806 367 2921 asa]
395 2843 511 2899 tamen
540 2829 682 2924 quando
709 2828 883 2900 AEonns
908 2824 1056 2898 anema

56 2957 85 3003 ‘⁴
111 2950 370 3037 DIGAMMA
389 2951 615 3024 inveniuntur
626 2977 690 3050 pro
703 2950 834 3047 duplici
847 2949 1055 3022 consonante

57 3083 86 3119 “
111 3060 268 3172 posuisse,
296 3093 336 3148 ut
360 3092 553 3153 namma
581 3090 634 3151 aa
660 3092 739 3152 noa
765 3075 1057 3153 namot-ln·

39 3209 87 3245 ·“
109 3200 302 3275 veniuntur
317 3204 421 3275 etiam
441 3227 505 3299 pro
521 3204 631 3276 vocali
655 3222 812 3299 correpta
834 3200 900 3272 hoc
922 3200 1057 3295 digam-

56 3335 86 3372 “
113 3348 173 3396 ma
200 3323 250 3398 illi
280 3325 343 3413 ufi,
378 3345 419 3399 ut
448 3326 593 3401 Alcman.
637 3342 712 3402 nni
737 3340 871 3400 imina
896 3340 976 3399 nti
1000 3337 1056 3396 TE

54 3458 86 3494 “
112 3462 284 3524 AAFION.
311 3451 359 3524 est
380 3450 472 3523 enim
500 3452 690 3526 dimetrum
714 3452 925 3524 iambicum:
952 3467 988 3520 et
1012 3445 1057 3517 fic

54 3581 86 3621 ‘⁴
112 3572 163 3646 est
187 3571 433 3670 proferendum
463 3577 505 3663 F,
532 3597 573 3650 ut
599 3576 699 3650 faciat
724 3576 869 3650 brevem
895 3571 1057 3670 syllabam

51 3705 85 3743 “
110 3698 194 3771 -F
210 3697 468 3772 D1GAMMA
486 3700 661 3775 AEOLES
674 3701 723 3807 est
734 3701 875 3798 quando
890 3698 923 3767 in
937 3678 1057 3765 metria

51 3830 82 3869 “
109 3845 178 3920 pro
195 3821 307 3895 nihilo
322 3822 548 3921 accipiebant,
574 3846 614 3898 ut

110 3953 309 4021 “AMMEZ
335 3962 363 4020 Δ
387 3954 600 4025 FEIPANAN
631 3966 690 4026 To
724 3964 777 4023 ΔΕ
806 3961 836 4020 Τ
864 3960 913 4019 ΑΡ
940 3956 1055 4017 ΘΕΤΟ

261 4085 386 4148 ΜΩΣΑ
414 4088 568 4149 nirata,

951 4171 977 4207 “
1004 4162 1054 4237 est
