2550 4784
460 275 658 371 (xxi)

59 479 165 576 Qrot
179 473 332 551 AEolkoe
347 492 432 547 cum
447 472 576 564 Ionica,
601 492 690 572 quot
701 472 836 569 Ionicttt¹
846 495 929 561 cum
941 491 1058 561 vetere

60 615 190 699 Attica
209 623 290 696 iurat
317 621 544 695 communia?
583 622 640 696 De
661 622 868 720 cognatione
891 623 1057 699 dialecto-

63 793 143 844 rum
161 767 292 842 Ionicae
309 788 348 842 et
364 767 487 841 veteric
504 769 650 857 Atticae,
674 791 754 865 quae
776 770 832 844 vel
847 771 981 845 eaedem
996 768 1057 847 vei

63 914 225 1010 proxime
239 930 401 1008 cognatae
416 906 572 999 fuerunt,
596 912 762 985 nonnulla
778 912 908 986 monita
925 913 1002 988 sunt
1018 915 1056 989 itt

61 1055 274 1155 Appendice
288 1057 550 1131 adDawesrum.
575 1057 708 1133 Praeter
719 1059 895 1133 Koenium
908 1058 957 1133 ibi
970 1059 1056 1132 cita·

61 1220 155 1285 tum.
180 1199 228 1276 cf.
245 1201 357 1277 etiam.
376 1202 579 1277 Salmasrum
599 1203 643 1276 de
660 1204 801 1301 Lingua
818 1203 1064 1292 Hellenistica,¹

57 1369 94 1444 p.
114 1371 159 1436 4¹
165 1367 200 1442 3.
241 1344 434 1441 Homerica
462 1345 626 1422 dialectus
654 1349 796 1446 antiqua
823 1346 1054 1446 proculdubio

57 1495 152 1572 fuit:
179 1515 215 1571 ct
238 1494 368 1596 scriptis
397 1493 472 1592 ejus
496 1499 582 1572 adeo
611 1499 720 1573 multa
746 1500 822 1573 sunt
846 1525 928 1574 curn
951 1499 1054 1576 variis

59 1645 214 1721 dialectis
242 1650 454 1734 communia,
480 1647 585 1745 idque
603 1650 783 1723 neceffario
800 1672 835 1723 et
854 1674 916 1744 pro
932 1651 1052 1727 condi·

60 1801 156 1879 tione
182 1801 317 1900 linguae
339 1801 490 1890 Graecae,
514 1826 584 1903 qua
607 1801 726 1893 fuerit,
750 1829 832 1879 curn
854 1824 958 1905 poeta
974 1805 1050 1881 scri·

60 1943 174 2019 beret.
232 2010 238 2017 .

110 2097 262 2175 Tantam
276 2099 354 2175 sane
368 2099 457 2174 inter
470 2098 501 2171 se
514 2099 793 2173 neceffitudinem
807 2099 936 2176 habent
951 2103 1052 2177 Grae·

56 2269 111 2323 cae
136 2248 289 2341 diakcti,
324 2269 365 2325 ut
394 2250 493 2325 nullo
522 2250 634 2338 limite
663 2250 870 2348 singularem
898 2251 1050 2347 aliquam

56 2393 330 2482 circumscribas,
354 2393 415 2493 qui
439 2394 505 2467 sola
521 2394 578 2466 sua
602 2415 638 2466 et
655 2395 714 2468 fibi
738 2396 890 2493 propria,
914 2417 953 2467 ac
978 2417 1050 2481 non

56 2538 170 2612 multa
186 2538 290 2615 fimul
311 2538 477 2626 includat,
503 2564 586 2638 quae
604 2540 638 2614 in
655 2541 789 2613 caeteris
807 2539 910 2614 etiarn
928 2562 1050 2614 occut-
1078 2522 1085 2534 ’

55 2702 149 2771 rant,
170 2706 377 2782 quanquam
393 2681 505 2757 forsan
526 2685 651 2757 rariore
677 2681 748 2757 usu.
800 2686 936 2757 Scilicet
966 2708 1049 2759 cum

53 2827 228 2928 picturam
263 2830 478 2928 aspiciamus,
520 2832 554 2906 in
589 2855 659 2930 qua
691 2833 827 2907 solerter
858 2833 978 2907 lumen
1011 2851 1048 2909 et

52 2973 190 3048 umbrae
227 2974 476 3063 custodiantur,
522 2978 673 3073 partium
712 2975 914 3051 eminentias
947 2975 1049 3053 facile

50 3115 229 3206 sermm
251 3140 335 3216 quae
350 3117 382 3192 se
397 3117 633 3219 promittunt3
660 3143 727 3208 nec,
742 3141 858 3194 tamen
876 3121 1047 3212 colorum,
1177 3162 1180 3166 ·

54 3264 113 3359 qui
139 3264 256 3364 perite
285 3264 435 3364 mitigati
464 3264 554 3354 sunt,
591 3264 842 3342 distinctionem
869 3246 1061 3367 possumne

56 3403 258 3495 discernere,
282 3429 350 3480 nec
363 3404 521 3494 definire,
544 3431 617 3506 quo
633 3409 770 3483 umbrae
790 3409 958 3503 desinant,
983 3409 1048 3512 ubi

58 3552 206 3629 ordiatur
234 3553 369 3630 lumen.
422 3554 520 3630 idem
550 3557 707 3650 omnino,
732 3577 773 3634 ut
799 3559 949 3649 videtur,
974 3556 1046 3631 dia·

59 3690 146 3771 tedis
162 3694 303 3773 accidit.

900 3894 1044 3974 IV.At
1164 3874 1167 3879 ’
