2550 4784
193 1046 1062 1173 PRAEFATIO

138 1527 556 1649 securium
617 1525 1122 1620 oorrroNrs.

142 1974 386 2249 QUEM
412 1977 449 2051 in
479 1999 602 2050 manus
618 1976 681 2051 tibi
697 1917 808 2066 trado,
833 1979 962 2056 Lector
978 1986 1127 2076 erudite,
1178 2050 1181 2055 .

272 2141 406 2219 liberis
421 2141 483 2229 est,
508 2163 617 2238 quem
642 2140 785 2238 penitus
812 2147 1008 2239 cognovisse
1037 2151 1128 2223 mul·

137 2320 215 2377 tum
232 2293 373 2373 interest
388 2315 470 2366 curn
487 2291 532 2366 ad
549 2290 715 2366 universae
731 2291 863 2391 linguae
879 2294 1027 2385 Graecae,
1051 2318 1129 2375 tum

139 2474 224 2525 vero
246 2441 434 2545 praesertim
464 2440 506 2515 od
524 2422 727 2513 Atticorum
757 2446 940 2538 poetarum
965 2430 1152 2520 scenico-²

137 2623 214 2673 rutn
245 2610 441 2668 accuratam
471 2589 721 2687 cognitionem,
759 2592 811 2663 uti
831 2588 1034 2688 judicarunt
1062 2595 1128 2670 viri

135 2749 232 2824 doeii
247 2745 371 2820 harum
391 2764 505 2817 rerum
521 2738 722 2838 peritiffimi.
773 2741 1018 2839 Quamobrem
1042 2746 1129 2820 nihil

134 2897 262 2973 attinet
286 2893 414 2990 largius
441 2912 628 2988 exponere,
654 2911 717 2960 cur
744 2912 765 2960 a
790 2887 871 2962 viris
898 2892 1041 2965 eruditis
1051 2892 1067 2990 j

132 3047 194 3122 diu
226 3041 417 3118 honorifice
448 3062 484 3115 et
515 3039 635 3113 multis
668 3061 751 3112 cum
783 3038 945 3113 laudibus
978 3044 1127 3144 excipio:

134 3217 205 3287 tur,
240 3194 299 3267 vel
327 3189 412 3289 quid
444 3191 612 3263 editorem
645 3186 822 3285 impulerit
854 3190 897 3262 ad
929 3195 1128 3269 renovanda

135 3343 304 3422 utiliffimi
322 3341 401 3416 libri
416 3337 635 3436 exemplaria.
740 3346 742 3351 '

182 3497 242 3568 De
259 3492 409 3569 utilitate
427 3484 529 3585 hujus
554 3486 694 3560 Criticae
718 3510 827 3581 pauca
852 3487 887 3561 in
914 3464 1125 3564 Praefitione

132 3644 312 3719 Dewesrus
329 3637 512 3737 peroravit.
549 3635 653 3709 Plura
670 3658 750 3709 vero
766 3635 926 3711 dixerunt
940 3638 985 3710 de
1000 3637 1123 3713 eadem

134 3818 168 3868 re
184 3792 358 3890 Jortinu's3
374 3786 579 3872 Dorvillius,
603 3803 638 3858 er
654 3782 878 3881 Musgraviui
895 3786 931 3857 irr
947 3784 1127 3883 elegantis·

135 3943 215 4018 flora
230 3938 274 4018 ad
293 3933 569 4016 Exercitationes
584 3933 660 4007 suat
675 3930 892 4011 Praefrtiooe.
942 3932 1045 4034 Quos
1062 3931 1126 4029 qui

587 4081 663 4156 Ἀ
800 4082 805 4093 ¹
1054 4098 1126 4150 non
