2550 4784
177 358 236 434 tt
262 356 637 431 Toetttntnnunt
662 355 888 432 Mnunutt.
993 380 1037 460 13

46 540 172 616 Gallie
199 557 318 615 autern
350 534 466 611 versus
495 536 635 610 tertium
665 556 769 636 atque
802 538 968 616 ultimum
996 542 1042 617 ste

48 664 175 764 refingi
191 664 317 739 velim:

153 855 207 936 Ago
221 865 293 926 oneo
311 870 356 924 w
371 871 446 931 nnn
462 871 495 912 το
515 869 642 935 ettennon
651 874 661 922 3
687 856 755 913 Oet·
781 854 856 914 Inte
872 876 932 934 yet.

154 970 238 1039 narni
255 984 295 1036 tt.

54 1132 84 1241 in.
113 1159 148 1208 e.
179 1155 274 1210 tona
300 1135 345 1209 nd
372 1164 442 1226 oon
471 1132 704 1224 referendum,
729 1135 764 1209 id
791 1139 889 1235 quod
913 1158 947 1212 et
973 1135 1043 1235 ipsa

53 1254 215 1334 sermonis
237 1257 325 1335 ratio
346 1258 506 1357 postulat.
555 1260 718 1335 Alterum
735 1285 820 1335 veto
837 1261 926 1336 istud
942 1247 1043 1339 nino

54 1415 106 1455 m
137 1414 218 1473 oum
243 1384 388 1485 perinde
412 1384 508 1459 sonat
533 1409 572 1459 ac
594 1387 619 1461 st
640 1387 765 1461 Latine
785 1386 879 1462 dicas
900 1386 1044 1459 nltinnnr

53 1508 219 1585 vocaturn.
244 1511 315 1585 Pto
329 1529 401 1585 one.
429 1525 537 1585 ΙΩΤΑ
559 1531 675 1586 tutent
700 1511 771 1608 legi
791 1511 896 1585 etiam
919 1509 1041 1606 potest,

55 1635 154 1723 quod
173 1655 208 1709 et
227 1634 329 1710 facile
350 1635 577 1732 ptaetulerint,
603 1656 683 1734 ονχ·
709 1650 829 1708 ΙΩΤΑ.
856 1654 895 1705 ut
915 1669 948 1708 eo
968 1650 1043 1708 lom

55 1750 258 1848 disyllabum
271 1757 367 1833 Ydta
378 1757 561 1844 efferatum
579 1759 770 1857 quomodo
785 1757 914 1854 ubique
930 1779 1042 1830 enun-

58 1875 218 1956 tiandum
236 1881 396 1956 adhibuit
412 1885 627 1957 Terentianus.
677 1885 737 1957 Ad
754 1908 861 1981 quern
878 1907 971 1956 nunc
987 1905 1043 1955 re·

59 1996 234 2080 dcundum
251 2006 312 2081 est.

103 2122 228 2204 Versus
255 2130 376 2203 tertius
405 2127 565 2203 adversus
590 2128 690 2201 metri
715 2130 881 2204 rationem
894 2150 1025 2228 peccat.

64 2242 195 2352 Nempe
227 2264 324 2352 uento
357 2252 521 2352 sequente
556 2251 704 2328 consona
738 2252 793 2327 sex
829 2257 1042 2354 temporibus

70 2376 194 2453 constat.
232 2380 398 2452 Alterum
423 2402 526 2475 porto
551 2377 639 2451 istud
660 2376 737 2474 jure
760 2378 837 2475 quit
858 2379 1043 2477 reprehen-

75 2493 162 2589 terit,
181 2504 278 2602 qnod
302 2502 434 2575 vocalis
457 2525 539 2600 quae
558 2504 652 2600 apud
672 2503 892 2577 Terentianum
911 2519 938 2576 τ
960 2526 1043 2576 con-

78 2614 181 2698 stanter
206 2628 318 2715 audit,
344 2626 524 2700 recentiori
553 2628 608 2700 hic
632 2629 777 2702 'nornine
802 2639 898 2724 vino
922 2628 1041 2726 appel-

83 2737 182 2831 lettre,
206 2750 466 2848 Reponendutn
483 2771 601 2827 autern
617 2753 759 2826 censeo:

120 2922 257 3000 Invitent
271 2925 393 2998 Graecae
407 2925 488 3026 quod
500 2941 525 2992 r
541 2927 585 2999 stc
595 2925 725 3022 subdita
743 2926 784 3016 est
798 2926 916 3000 vocalis
932 2927 984 3001 U.

10 3168 21 3199 ἶ
86 3088 248 3197 Quartum²
273 3099 329 3174 uti
355 3125 376 3173 a
401 3099 475 3173 viro
502 3066 637 3175 dofflss.
664 3124 777 3197 nuper
799 3084 965 3199 cognovi,
991 3122 1044 3173 te·

10 3275 20 3313 ,
80 3220 235 3316 presentat
250 3224 362 3300 codex
378 3224 459 3297 MS.

113 3400 222 3478 Gtaecn
236 3401 444 3500 diphthongus
450 3398 509 3498 fed
522 3416 576 3474 o‘r
593 3400 695 3474 literis
711 3399 819 3492 nostris
832 3413 944 3472 vacet.
1070 3464 1072 3469 ,

66 3576 166 3651 Unde
196 3578 308 3675 liquet
335 3577 499 3665 voculam
532 3591 637 3651 tanen
670 3577 806 3651 retineri
841 3574 1045 3669 neutiquam

58 3721 226 3800 oportere.
277 3701 430 3776 Proinde
463 3703 604 3776 alteram
637 3716 741 3777 nutem
774 3703 818 3775 fic
847 3698 964 3798 potius
993 3698 1045 3769 in·

53 3823 245 3905 {eruerintt'
370 3882 375 3891 .

88 3994 209 4069 Graeca
220 3988 430 4088 diphthongus
435 3987 495 4084 scd
504 4010 620 4067 autem
634 4008 689 4068 ot
702 3990 804 4066 literis
814 3986 924 4081 nostris
936 3999 1045 4060 vetat.

951 4111 1045 4181 Con·
