<?xml version="1.0" encoding="UTF-8"?>
<!DOCTYPE html PUBLIC "-//W3C//DTD XHTML 1.0 Transitional//EN"
    "http://www.w3.org/TR/xhtml1/DTD/xhtml1-transitional.dtd">
<html xmlns="http://www.w3.org/1999/xhtml" xml:lang="en" lang="en">
 <head>
  <title>
</title>
<meta http-equiv="Content-Type" content="text/html;charset=utf-8" />
  <meta name='ocr-system' content='tesseract 3.04.00' />
  <meta name='ocr-capabilities' content='ocr_page ocr_carea ocr_par ocr_line ocrx_word'/>
</head>
<body>
  <div class='ocr_page' id='page_1' title='image "./ricardidawesmis00burggoog_0424.png"; bbox 0 0 2550 4784; ppageno 0'>
   <div class='ocr_carea' id='block_1_1' title="bbox 508 306 713 409">
    <p class='ocr_par' dir='ltr' id='par_1_1' title="bbox 508 306 713 409">
     <span class='ocr_line' id='line_1_1' title="bbox 508 306 713 409; baseline -0.034 -2"><span class='ocrx_word' id='word_1_1' title='bbox 508 306 713 409; x_wconf 84' lang='lat'>(344)</span> 
     </span>
    </p>
   </div>
   <div class='ocr_carea' id='block_1_2' title="bbox 120 489 1128 722">
    <p class='ocr_par' dir='ltr' id='par_1_2' title="bbox 120 489 1128 722">
     <span class='ocr_line' id='line_1_2' title="bbox 121 489 1128 595; baseline -0.008 -22"><span class='ocrx_word' id='word_1_2' title='bbox 121 501 279 583; x_wconf 85' lang='lat' dir='ltr'>tillimus,</span> <span class='ocrx_word' id='word_1_3' title='bbox 303 492 367 591; x_wconf 91' lang='lat' dir='ltr'>qui</span> <span class='ocrx_word' id='word_1_4' title='bbox 391 490 552 568; x_wconf 82' lang='lat' dir='ltr'>ultimam</span> <span class='ocrx_word' id='word_1_5' title='bbox 569 490 606 563; x_wconf 90' lang='lat' dir='ltr'>in</span> <span class='ocrx_word' id='word_1_6' title='bbox 622 494 733 565; x_wconf 84' lang='lat' dir='ltr'><em>Ponite</em></span> <span class='ocrx_word' id='word_1_7' title='bbox 749 489 894 564; x_wconf 88' lang='lat' dir='ltr'>brevem</span> <span class='ocrx_word' id='word_1_8' title='bbox 915 492 974 565; x_wconf 76' lang='lat' dir='ltr'>elie</span> <span class='ocrx_word' id='word_1_9' title='bbox 986 493 1058 566; x_wconf 78' lang='lat' dir='ltr'>cerlo</span> <span class='ocrx_word' id='word_1_10' title='bbox 1119 546 1128 595; x_wconf 54' lang='lat' dir='ltr'>fl</span> 
     </span>
     <span class='ocr_line' id='line_1_3' title="bbox 120 615 1128 722; baseline -0.009 -25"><span class='ocrx_word' id='word_1_11' title='bbox 120 618 403 720; x_wconf 68' lang='lat' dir='ltr'>interpunelionis</span> <span class='ocrx_word' id='word_1_12' title='bbox 418 641 500 717; x_wconf 85' lang='lat' dir='ltr'>ope.</span> <span class='ocrx_word' id='word_1_13' title='bbox 548 616 659 716; x_wconf 72' lang='lat' dir='ltr'>Quod</span> <span class='ocrx_word' id='word_1_14' title='bbox 672 616 716 690; x_wconf 90' lang='lat' dir='ltr'>ad</span> <span class='ocrx_word' id='word_1_15' title='bbox 732 615 927 692; x_wconf 74' lang='lat' dir='ltr'>Ovidium</span> <span class='ocrx_word' id='word_1_16' title='bbox 941 617 1012 690; x_wconf 89' lang='lat' dir='ltr'>illud</span> <span class='ocrx_word' id='word_1_17' title='bbox 1121 650 1128 722; x_wconf 54' lang='grc' dir='ltr'>Ι</span> 
     </span>
    </p>
   </div>
   <div class='ocr_carea' id='block_1_3' title="bbox 168 778 1059 881">
    <p class='ocr_par' dir='ltr' id='par_1_3' title="bbox 168 778 1059 881">
     <span class='ocr_line' id='line_1_4' title="bbox 168 778 1059 881; baseline -0.007 -21"><span class='ocrx_word' id='word_1_18' title='bbox 168 785 319 860; x_wconf 80' lang='lat' dir='ltr'>Addidit</span> <span class='ocrx_word' id='word_1_19' title='bbox 335 803 372 858; x_wconf 87' lang='lat' dir='ltr'>et</span> <span class='ocrx_word' id='word_1_20' title='bbox 385 780 512 872; x_wconf 77' lang='lat' dir='ltr'>fontes,</span> <span class='ocrx_word' id='word_1_21' title='bbox 528 778 765 879; x_wconf 89' lang='lat' dir='ltr'>immensaque</span> <span class='ocrx_word' id='word_1_22' title='bbox 780 781 912 881; x_wconf 76' lang='lat' dir='ltr'>stagna,</span> <span class='ocrx_word' id='word_1_23' title='bbox 934 779 1059 879; x_wconf 70' lang='lat' dir='ltr'>lambet</span> 
     </span>
    </p>
   </div>
   <div class='ocr_carea' id='block_1_4' title="bbox 90 971 1054 1237">
    <p class='ocr_par' dir='ltr' id='par_1_4' title="bbox 90 971 1054 1237">
     <span class='ocr_line' id='line_1_5' title="bbox 120 971 587 1077; baseline -0.006 -27"><span class='ocrx_word' id='word_1_24' title='bbox 120 974 233 1077; x_wconf 80' lang='lat' dir='ltr'>Quod</span> <span class='ocrx_word' id='word_1_25' title='bbox 249 975 415 1068; x_wconf 69' lang='lat' dir='ltr'>Daunias</span> <span class='ocrx_word' id='word_1_26' title='bbox 429 971 587 1071; x_wconf 81' lang='lat' dir='ltr'>corrigit,</span> 
     </span>
     <span class='ocr_line' id='line_1_6' title="bbox 90 1094 1054 1237; baseline -0.007 -21"><span class='ocrx_word' id='word_1_27' title='bbox 90 1094 95 1106; x_wconf 27' lang='lat'><strong>⁹</strong></span> <span class='ocrx_word' id='word_1_28' title='bbox 170 1137 334 1215; x_wconf 84' lang='lat' dir='ltr'>Adididit</span> <span class='ocrx_word' id='word_1_29' title='bbox 347 1156 384 1212; x_wconf 87' lang='lat' dir='ltr'>et</span> <span class='ocrx_word' id='word_1_30' title='bbox 398 1133 525 1226; x_wconf 80' lang='lat' dir='ltr'>fontes,</span> <span class='ocrx_word' id='word_1_31' title='bbox 540 1133 705 1211; x_wconf 83' lang='lat' dir='ltr'>immensa</span> <span class='ocrx_word' id='word_1_32' title='bbox 719 1151 752 1209; x_wconf 83' lang='lat' dir='ltr'>et</span> <span class='ocrx_word' id='word_1_33' title='bbox 767 1134 900 1235; x_wconf 79' lang='lat' dir='ltr'>stagna,</span> <span class='ocrx_word' id='word_1_34' title='bbox 921 1135 1054 1237; x_wconf 71' lang='lat' dir='ltr'>lacusque</span> 
     </span>
    </p>
   </div>
   <div class='ocr_carea' id='block_1_5' title="bbox 120 1318 1027 1590">
    <p class='ocr_par' dir='ltr' id='par_1_5' title="bbox 120 1318 1027 1590">
     <span class='ocr_line' id='line_1_7' title="bbox 120 1318 706 1429; baseline -0.01 -26"><span class='ocrx_word' id='word_1_35' title='bbox 120 1324 335 1429; x_wconf 84' lang='lat' dir='ltr'>probabilius</span> <span class='ocrx_word' id='word_1_36' title='bbox 350 1318 492 1398; x_wconf 84' lang='lat' dir='ltr'>videbar</span> <span class='ocrx_word' id='word_1_37' title='bbox 506 1323 706 1415; x_wconf 87' lang='lat' dir='ltr'>emendare,</span> 
     </span>
     <span class='ocr_line' id='line_1_8' title="bbox 171 1485 1027 1590; baseline 0.001 -28"><span class='ocrx_word' id='word_1_38' title='bbox 171 1487 322 1563; x_wconf 87' lang='lat' dir='ltr'>Addidit</span> <span class='ocrx_word' id='word_1_39' title='bbox 337 1507 374 1563; x_wconf 87' lang='lat' dir='ltr'>er</span> <span class='ocrx_word' id='word_1_40' title='bbox 388 1485 518 1576; x_wconf 81' lang='lat' dir='ltr'>fontes,</span> <span class='ocrx_word' id='word_1_41' title='bbox 541 1487 709 1563; x_wconf 84' lang='lat' dir='ltr'>immensa</span> <span class='ocrx_word' id='word_1_42' title='bbox 723 1488 857 1587; x_wconf 83' lang='lat' dir='ltr'>stagna,</span> <span class='ocrx_word' id='word_1_43' title='bbox 882 1488 1027 1590; x_wconf 78' lang='lat' dir='ltr'>lacusque</span> 
     </span>
    </p>
   </div>
   <div class='ocr_carea' id='block_1_6' title="bbox 102 1656 1108 3773">
    <p class='ocr_par' dir='ltr' id='par_1_6' title="bbox 102 1656 1108 3773">
     <span class='ocr_line' id='line_1_9' title="bbox 121 1656 1077 1766; baseline -0.001 -26"><span class='ocrx_word' id='word_1_44' title='bbox 121 1666 238 1741; x_wconf 87' lang='lat' dir='ltr'>deleto</span> <span class='ocrx_word' id='word_1_45' title='bbox 253 1690 324 1765; x_wconf 78' lang='lat' dir='ltr'>qur.</span> <span class='ocrx_word' id='word_1_46' title='bbox 347 1664 442 1739; x_wconf 92' lang='lat' dir='ltr'>Nam</span> <span class='ocrx_word' id='word_1_47' title='bbox 459 1656 639 1761; x_wconf 80' lang='lat' dir='ltr'>srimnrensa</span> <span class='ocrx_word' id='word_1_48' title='bbox 650 1683 686 1738; x_wconf 90' lang='lat' dir='ltr'>et</span> <span class='ocrx_word' id='word_1_49' title='bbox 692 1664 812 1763; x_wconf 78' lang='lat' dir='ltr'>stagna</span> <span class='ocrx_word' id='word_1_50' title='bbox 824 1666 968 1766; x_wconf 87' lang='lat' dir='ltr'>antiqua</span> <span class='ocrx_word' id='word_1_51' title='bbox 979 1686 1077 1741; x_wconf 76' lang='lat' dir='ltr'>aaran</span> 
     </span>
     <span class='ocr_line' id='line_1_10' title="bbox 122 1790 1080 1889; baseline -0.004 -21"><span class='ocrx_word' id='word_1_52' title='bbox 122 1792 238 1869; x_wconf 80' lang='lat' dir='ltr'>fuisset</span> <span class='ocrx_word' id='word_1_53' title='bbox 266 1793 379 1877; x_wconf 69' lang='lat' dir='ltr'>leelio,</span> <span class='ocrx_word' id='word_1_54' title='bbox 405 1790 489 1864; x_wconf 91' lang='lat' dir='ltr'>nihil</span> <span class='ocrx_word' id='word_1_55' title='bbox 511 1790 641 1864; x_wconf 88' lang='lat' dir='ltr'>habere</span> <span class='ocrx_word' id='word_1_56' title='bbox 666 1810 832 1889; x_wconf 89' lang='lat' dir='ltr'>potuerat</span> <span class='ocrx_word' id='word_1_57' title='bbox 849 1792 932 1889; x_wconf 83' lang='lat' dir='ltr'>quis</span> <span class='ocrx_word' id='word_1_58' title='bbox 954 1816 1012 1867; x_wconf 86' lang='lat' dir='ltr'>cur</span> <span class='ocrx_word' id='word_1_59' title='bbox 1029 1810 1080 1864; x_wconf 84' lang='lat' dir='ltr'>ean</span> 
     </span>
     <span class='ocr_line' id='line_1_11' title="bbox 123 1912 1083 2015; baseline -0.003 -24"><span class='ocrx_word' id='word_1_60' title='bbox 123 1917 435 2015; x_wconf 81' lang='lat' dir='ltr'>improbaret‚·aut</span> <span class='ocrx_word' id='word_1_61' title='bbox 451 1936 585 1988; x_wconf 85' lang='lat' dir='ltr'>mutant</span> <span class='ocrx_word' id='word_1_62' title='bbox 602 1912 718 2001; x_wconf 83' lang='lat' dir='ltr'>vellet,</span> <span class='ocrx_word' id='word_1_63' title='bbox 742 1916 845 1987; x_wconf 87' lang='lat' dir='ltr'>metri</span> <span class='ocrx_word' id='word_1_64' title='bbox 862 1915 1083 2015; x_wconf 84' lang='lat' dir='ltr'>salttm&#39;gratia</span> 
     </span>
     <span class='ocr_line' id='line_1_12' title="bbox 124 2034 1089 2139; baseline -0.003 -24"><span class='ocrx_word' id='word_1_65' title='bbox 124 2042 168 2116; x_wconf 88' lang='lat' dir='ltr'>ln</span> <span class='ocrx_word' id='word_1_66' title='bbox 184 2040 289 2113; x_wconf 87' lang='lat' dir='ltr'>altera</span> <span class='ocrx_word' id='word_1_67' title='bbox 304 2058 422 2113; x_wconf 89' lang='lat' dir='ltr'>autem</span> <span class='ocrx_word' id='word_1_68' title='bbox 440 2039 601 2128; x_wconf 62' lang='lat' dir='ltr'>lectione,</span> <span class='ocrx_word' id='word_1_69' title='bbox 625 2034 913 2137; x_wconf 74' lang='lat' dir='ltr'>immensossagnn,</span> <span class='ocrx_word' id='word_1_70' title='bbox 937 2060 1007 2115; x_wconf 87' lang='lat' dir='ltr'>erat</span> <span class='ocrx_word' id='word_1_71' title='bbox 1019 2036 1089 2139; x_wconf 80' lang='lat' dir='ltr'>quod</span> 
     </span>
     <span class='ocr_line' id='line_1_13' title="bbox 125 2161 1091 2239; baseline 0.001 -3"><span class='ocrx_word' id='word_1_72' title='bbox 125 2164 290 2237; x_wconf 66' lang='lat' dir='ltr'>ledorem</span> <span class='ocrx_word' id='word_1_73' title='bbox 310 2162 493 2237; x_wconf 59' lang='lat' dir='ltr'>locutioni</span> <span class='ocrx_word' id='word_1_74' title='bbox 515 2161 762 2237; x_wconf 82' lang='lat' dir='ltr'>observationis</span> <span class='ocrx_word' id='word_1_75' title='bbox 789 2164 946 2239; x_wconf 83' lang='lat' dir='ltr'>nescium</span> <span class='ocrx_word' id='word_1_76' title='bbox 967 2164 1091 2239; x_wconf 85' lang='lat' dir='ltr'>offende-</span> 
     </span>
     <span class='ocr_line' id='line_1_14' title="bbox 125 2285 1096 2387; baseline 0.001 -26"><span class='ocrx_word' id='word_1_77' title='bbox 125 2306 190 2377; x_wconf 85' lang='lat' dir='ltr'>ret,</span> <span class='ocrx_word' id='word_1_78' title='bbox 215 2290 272 2362; x_wconf 89' lang='lat' dir='ltr'>cui</span> <span class='ocrx_word' id='word_1_79' title='bbox 298 2290 417 2387; x_wconf 84' lang='lat' dir='ltr'>igitur,</span> <span class='ocrx_word' id='word_1_80' title='bbox 442 2288 486 2361; x_wconf 93' lang='lat' dir='ltr'>ad</span> <span class='ocrx_word' id='word_1_81' title='bbox 505 2306 655 2360; x_wconf 89' lang='lat' dir='ltr'>metrum</span> <span class='ocrx_word' id='word_1_82' title='bbox 673 2285 833 2384; x_wconf 72' lang='lat' dir='ltr'>profesto</span> <span class='ocrx_word' id='word_1_83' title='bbox 849 2288 1096 2374; x_wconf 85' lang='lat' dir='ltr'>sustentandum,</span> 
     </span>
     <span class='ocr_line' id='line_1_15' title="bbox 125 2412 1098 2513; baseline 0 -24"><span class='ocrx_word' id='word_1_84' title='bbox 125 2413 199 2512; x_wconf 70' lang='lat' dir='ltr'>Qec</span> <span class='ocrx_word' id='word_1_85' title='bbox 219 2413 363 2513; x_wconf 87' lang='lat' dir='ltr'>adjicere</span> <span class='ocrx_word' id='word_1_86' title='bbox 388 2417 422 2488; x_wconf 90' lang='lat' dir='ltr'>in</span> <span class='ocrx_word' id='word_1_87' title='bbox 446 2432 613 2513; x_wconf 88' lang='lat' dir='ltr'>promptu</span> <span class='ocrx_word' id='word_1_88' title='bbox 638 2412 758 2489; x_wconf 80' lang='lat' dir='ltr'>fuerit.</span> <span class='ocrx_word' id='word_1_89' title='bbox 807 2414 859 2489; x_wconf 82' lang='lat' dir='ltr'>Et</span> <span class='ocrx_word' id='word_1_90' title='bbox 884 2416 933 2489; x_wconf 87' lang='lat' dir='ltr'>lie</span> <span class='ocrx_word' id='word_1_91' title='bbox 957 2440 1040 2506; x_wconf 87' lang='lat' dir='ltr'>rem,</span> <span class='ocrx_word' id='word_1_92' title='bbox 1061 2415 1098 2489; x_wconf 89' lang='lat' dir='ltr'>in·</span> 
     </span>
     <span class='ocr_line' id='line_1_16' title="bbox 125 2535 1102 2637; baseline 0.001 -25"><span class='ocrx_word' id='word_1_93' title='bbox 125 2563 247 2636; x_wconf 88' lang='lat' dir='ltr'>qoam,</span> <span class='ocrx_word' id='word_1_94' title='bbox 271 2540 415 2613; x_wconf 88' lang='lat' dir='ltr'>videbar</span> <span class='ocrx_word' id='word_1_95' title='bbox 430 2540 605 2637; x_wconf 83' lang='lat' dir='ltr'>expedire.</span> <span class='ocrx_word' id='word_1_96' title='bbox 651 2535 840 2613; x_wconf 82' lang='lat' dir='ltr'>Consultua</span> <span class='ocrx_word' id='word_1_97' title='bbox 857 2564 944 2615; x_wconf 89' lang='lat' dir='ltr'>vero</span> <span class='ocrx_word' id='word_1_98' title='bbox 960 2565 980 2615; x_wconf 93' lang='lat' dir='ltr'>a</span> <span class='ocrx_word' id='word_1_99' title='bbox 996 2566 1049 2616; x_wconf 86' lang='lat' dir='ltr'>me</span> <span class='ocrx_word' id='word_1_100' title='bbox 1062 2539 1102 2613; x_wconf 77' lang='lat' dir='ltr'>vir</span> 
     </span>
     <span class='ocr_line' id='line_1_17' title="bbox 126 2661 1105 2762; baseline 0.001 -28"><span class='ocrx_word' id='word_1_101' title='bbox 126 2661 349 2748; x_wconf 79' lang='lat' dir='ltr'>doetiffimus,</span> <span class='ocrx_word' id='word_1_102' title='bbox 374 2661 547 2735; x_wconf 76' lang='lat' dir='ltr'>Tuomaa</span> <span class='ocrx_word' id='word_1_103' title='bbox 574 2662 819 2750; x_wconf 76' lang='lat' dir='ltr'>Tnnvrnr‘rn,</span> <span class='ocrx_word' id='word_1_104' title='bbox 845 2686 913 2762; x_wconf 86' lang='lat' dir='ltr'>per</span> <span class='ocrx_word' id='word_1_105' title='bbox 940 2661 1105 2739; x_wconf 79' lang='lat' dir='ltr'>littraali·</span> 
     </span>
     <span class='ocr_line' id='line_1_18' title="bbox 126 2784 1106 2886; baseline 0.006 -30"><span class='ocrx_word' id='word_1_106' title='bbox 126 2784 209 2858; x_wconf 88' lang='lat' dir='ltr'>bere.</span> <span class='ocrx_word' id='word_1_107' title='bbox 232 2800 268 2857; x_wconf 90' lang='lat' dir='ltr'>et</span> <span class='ocrx_word' id='word_1_108' title='bbox 288 2784 500 2875; x_wconf 85' lang='lat' dir='ltr'>amlciffime,</span> <span class='ocrx_word' id='word_1_109' title='bbox 523 2803 566 2858; x_wconf 90' lang='lat' dir='ltr'>ut</span> <span class='ocrx_word' id='word_1_110' title='bbox 592 2784 690 2876; x_wconf 87' lang='lat' dir='ltr'>solet,</span> <span class='ocrx_word' id='word_1_111' title='bbox 715 2784 896 2883; x_wconf 85' lang='lat' dir='ltr'>respondit</span> <span class='ocrx_word' id='word_1_112' title='bbox 915 2788 1106 2886; x_wconf 81' lang='lat' dir='ltr'>“copulam</span> 
     </span>
     <span class='ocr_line' id='line_1_19' title="bbox 126 2908 1106 3011; baseline 0.002 -30"><span class='ocrx_word' id='word_1_113' title='bbox 126 2908 221 2981; x_wconf 90' lang='lat' dir='ltr'>“ad</span> <span class='ocrx_word' id='word_1_114' title='bbox 247 2908 318 2983; x_wconf 87' lang='lat' dir='ltr'>soni</span> <span class='ocrx_word' id='word_1_115' title='bbox 340 2911 547 3011; x_wconf 89' lang='lat' dir='ltr'>numerique</span> <span class='ocrx_word' id='word_1_116' title='bbox 572 2911 809 3010; x_wconf 79' lang='lat' dir='ltr'>integritatem</span> <span class='ocrx_word' id='word_1_117' title='bbox 831 2912 999 3009; x_wconf 84' lang='lat' dir='ltr'>requiri.”</span> <span class='ocrx_word' id='word_1_118' title='bbox 1043 2911 1106 2987; x_wconf 86' lang='lat' dir='ltr'>Ad·</span> 
     </span>
     <span class='ocr_line' id='line_1_20' title="bbox 128 3032 1107 3136; baseline 0.001 -31"><span class='ocrx_word' id='word_1_119' title='bbox 128 3032 203 3107; x_wconf 84' lang='lat' dir='ltr'>lraee</span> <span class='ocrx_word' id='word_1_120' title='bbox 230 3059 314 3110; x_wconf 83' lang='lat' dir='ltr'>vero</span> <span class='ocrx_word' id='word_1_121' title='bbox 344 3032 511 3125; x_wconf 88' lang='lat' dir='ltr'>subdidit,</span> <span class='ocrx_word' id='word_1_122' title='bbox 536 3038 632 3136; x_wconf 93' lang='lat' dir='ltr'>quod</span> <span class='ocrx_word' id='word_1_123' title='bbox 662 3036 835 3111; x_wconf 87' lang='lat' dir='ltr'>memoria·</span> <span class='ocrx_word' id='word_1_124' title='bbox 857 3038 1034 3125; x_wconf 89' lang='lat' dir='ltr'>omnium,</span> <span class='ocrx_word' id='word_1_125' title='bbox 1055 3032 1107 3134; x_wconf 90' lang='lat' dir='ltr'>qui</span> 
     </span>
     <span class='ocr_line' id='line_1_21' title="bbox 127 3155 1108 3260; baseline 0.008 -30"><span class='ocrx_word' id='word_1_126' title='bbox 127 3155 205 3231; x_wconf 87' lang='lat' dir='ltr'>baee</span> <span class='ocrx_word' id='word_1_127' title='bbox 231 3157 322 3234; x_wconf 88' lang='lat' dir='ltr'>sacra</span> <span class='ocrx_word' id='word_1_128' title='bbox 347 3164 495 3237; x_wconf 65' lang='lat' dir='ltr'>tradant</span> <span class='ocrx_word' id='word_1_129' title='bbox 521 3162 666 3236; x_wconf 93' lang='lat' dir='ltr'>omnino</span> <span class='ocrx_word' id='word_1_130' title='bbox 692 3161 842 3260; x_wconf 88' lang='lat' dir='ltr'>dignum</span> <span class='ocrx_word' id='word_1_131' title='bbox 872 3164 946 3238; x_wconf 80' lang='lat' dir='ltr'>est:</span> <span class='ocrx_word' id='word_1_132' title='bbox 985 3165 1108 3247; x_wconf 75' lang='lat' dir='ltr'>scilicet,</span> 
     </span>
     <span class='ocr_line' id='line_1_22' title="bbox 102 3285 1106 3385; baseline 0.003 -31"><span class='ocrx_word' id='word_1_133' title='bbox 102 3338 104 3342; x_wconf 80' lang='lat'><em>.</em></span> <span class='ocrx_word' id='word_1_134' title='bbox 128 3288 154 3324; x_wconf 91' lang='lat'>“</span> <span class='ocrx_word' id='word_1_135' title='bbox 179 3306 248 3356; x_wconf 92' lang='lat' dir='ltr'>non</span> <span class='ocrx_word' id='word_1_136' title='bbox 266 3307 357 3382; x_wconf 82' lang='lat' dir='ltr'>opus</span> <span class='ocrx_word' id='word_1_137' title='bbox 372 3286 440 3360; x_wconf 85' lang='lat' dir='ltr'>else</span> <span class='ocrx_word' id='word_1_138' title='bbox 460 3286 506 3360; x_wconf 94' lang='lat' dir='ltr'>ad</span> <span class='ocrx_word' id='word_1_139' title='bbox 530 3285 729 3383; x_wconf 85' lang='lat' dir='ltr'>generalem</span> <span class='ocrx_word' id='word_1_140' title='bbox 753 3287 909 3385; x_wconf 85' lang='lat' dir='ltr'>aliquam</span> <span class='ocrx_word' id='word_1_141' title='bbox 936 3287 1037 3361; x_wconf 82' lang='lat' dir='ltr'>metri</span> <span class='ocrx_word' id='word_1_142' title='bbox 1058 3302 1106 3359; x_wconf 85' lang='lat' dir='ltr'>aut</span> 
     </span>
     <span class='ocr_line' id='line_1_23' title="bbox 128 3409 1106 3511; baseline 0.003 -31"><span class='ocrx_word' id='word_1_143' title='bbox 128 3411 418 3505; x_wconf 84' lang='lat' dir='ltr'>“grammaticae</span> <span class='ocrx_word' id='word_1_144' title='bbox 443 3411 601 3511; x_wconf 85' lang='lat' dir='ltr'>regulam</span> <span class='ocrx_word' id='word_1_145' title='bbox 629 3409 882 3502; x_wconf 87' lang='lat' dir='ltr'>stabiliendam,</span> <span class='ocrx_word' id='word_1_146' title='bbox 910 3433 951 3486; x_wconf 89' lang='lat' dir='ltr'>ut</span> <span class='ocrx_word' id='word_1_147' title='bbox 979 3411 1106 3491; x_wconf 81' lang='lat' dir='ltr'>convin-</span> 
     </span>
     <span class='ocr_line' id='line_1_24' title="bbox 129 3534 1106 3636; baseline 0.006 -33"><span class='ocrx_word' id='word_1_148' title='bbox 129 3536 156 3574; x_wconf 89' lang='lat'><strong>“</strong></span> <span class='ocrx_word' id='word_1_149' title='bbox 180 3548 291 3624; x_wconf 86' lang='lat' dir='ltr'>eatur,</span> <span class='ocrx_word' id='word_1_150' title='bbox 316 3534 493 3609; x_wconf 88' lang='lat' dir='ltr'>neminem</span> <span class='ocrx_word' id='word_1_151' title='bbox 521 3554 662 3633; x_wconf 86' lang='lat' dir='ltr'>poetam</span> <span class='ocrx_word' id='word_1_152' title='bbox 692 3558 957 3636; x_wconf 84' lang='lat' dir='ltr'>praeproperum</span> <span class='ocrx_word' id='word_1_153' title='bbox 987 3559 1045 3613; x_wconf 88' lang='lat' dir='ltr'>aut</span> <span class='ocrx_word' id='word_1_154' title='bbox 1064 3537 1106 3610; x_wconf 91' lang='lat' dir='ltr'>in·</span> 
     </span>
     <span class='ocr_line' id='line_1_25' title="bbox 128 3656 1105 3773; baseline 0.004 -44"><span class='ocrx_word' id='word_1_155' title='bbox 128 3661 156 3700; x_wconf 88' lang='lat'>“</span> <span class='ocrx_word' id='word_1_156' title='bbox 179 3656 352 3733; x_wconf 84' lang='lat' dir='ltr'>curiosum</span> <span class='ocrx_word' id='word_1_157' title='bbox 369 3680 489 3773; x_wconf 72' lang='lat' dir='ltr'>contra</span> <span class='ocrx_word' id='word_1_158' title='bbox 504 3684 581 3736; x_wconf 86' lang='lat' dir='ltr'>eam</span> <span class='ocrx_word' id='word_1_159' title='bbox 605 3680 760 3757; x_wconf 87' lang='lat' dir='ltr'>unquam</span> <span class='ocrx_word' id='word_1_160' title='bbox 785 3662 940 3760; x_wconf 80' lang='lat' dir='ltr'>peccasse</span> <span class='ocrx_word' id='word_1_161' title='bbox 951 3662 1010 3738; x_wconf 66' lang='lat'>*3³</span> <span class='ocrx_word' id='word_1_162' title='bbox 1052 3656 1105 3733; x_wconf 84' lang='lat' dir='ltr'>Al·</span> 
     </span>
    </p>
   </div>
   <div class='ocr_carea' id='block_1_7' title="bbox 126 3855 1106 4008">
    <p class='ocr_par' dir='ltr' id='par_1_7' title="bbox 126 3855 1106 4008">
     <span class='ocr_line' id='line_1_26' title="bbox 126 3855 1106 4008; baseline 0.002 -89"><span class='ocrx_word' id='word_1_163' title='bbox 126 3855 187 4008; x_wconf 57' lang='lat' dir='ltr'>M·</span> <span class='ocrx_word' id='word_1_164' title='bbox 206 3856 298 3919; x_wconf 75' lang='lat' dir='ltr'>Aliud</span> <span class='ocrx_word' id='word_1_165' title='bbox 310 3877 369 3921; x_wconf 85' lang='lat' dir='ltr'>non</span> <span class='ocrx_word' id='word_1_166' title='bbox 385 3857 515 3925; x_wconf 70' lang='lat' dir='ltr'>dunila</span> <span class='ocrx_word' id='word_1_167' title='bbox 526 3855 666 3943; x_wconf 77' lang='lat' dir='ltr'>suggeffit.</span> <span class='ocrx_word' id='word_1_168' title='bbox 686 3871 787 3924; x_wconf 79' lang='lat' dir='ltr'>notatu</span> <span class='ocrx_word' id='word_1_169' title='bbox 799 3859 935 3946; x_wconf 81' lang='lat' dir='ltr'>dignum,</span> <span class='ocrx_word' id='word_1_170' title='bbox 954 3863 993 3927; x_wconf 86' lang='lat' dir='ltr'>ad</span> <span class='ocrx_word' id='word_1_171' title='bbox 1003 3882 1034 3943; x_wconf 79' lang='lat' dir='ltr'>p.</span> <span class='ocrx_word' id='word_1_172' title='bbox 1048 3856 1106 3921; x_wconf 71' lang='lat'>¹68·</span> 
     </span>
    </p>
   </div>
   <div class='ocr_carea' id='block_1_8' title="bbox 1007 4049 1104 4113">
    <p class='ocr_par' dir='ltr' id='par_1_8' title="bbox 1007 4049 1104 4113">
     <span class='ocr_line' id='line_1_27' title="bbox 1007 4049 1104 4113; baseline -0.072 0"><span class='ocrx_word' id='word_1_173' title='bbox 1007 4049 1104 4113; x_wconf 76' lang='lat' dir='ltr'>rtrum</span> 
     </span>
    </p>
   </div>
   <div class='ocr_carea' id='block_1_9' title="bbox 0 0 1291 4784">
    <p class='ocr_par' dir='ltr' id='par_1_9' title="bbox 0 0 1291 4784">
     <span class='ocr_line' id='line_1_28' title="bbox 0 0 1291 4784; baseline 0 0"><span class='ocrx_word' id='word_1_174' title='bbox 0 0 1291 4784; x_wconf 95' lang='lat' dir='ltr'> </span> 
     </span>
    </p>
   </div>
  </div>
 </body>
</html>
