2550 4784
238 116 283 189 ιε
357 70 804 190 mrscnntnnnn
842 115 1111 198 ermen.

233 320 278 370 ex
295 294 412 370 verbis
430 293 499 369 istis
514 295 550 365 in
565 295 662 368 verbo
672 300 752 391 pari
769 296 862 370 nulla
878 298 956 372 elici
969 304 1081 400 potest
1092 305 1201 380 senten
1263 318 1267 380 .¹

198 491 205 501 ‚
234 422 294 507 tia,
324 423 406 515 quae
431 416 512 489 huic
538 416 616 491 loco
644 417 839 492 conveniat.
889 422 1050 520 Repono‚
1066 427 1203 520 fiuent·
1262 460 1267 527 ς

231 545 338 617 borum
353 544 487 634 inpari,
513 539 547 615 h.
565 566 597 616 e.
611 541 687 632 ſsve
702 545 737 615 in
752 541 865 618 duobus
881 547 999 623 verbis.
1027 553 1106 624 Aut
1119 553 1202 629 etiam

219 669 296 758 five
318 665 484 741 verborum
503 672 592 762 pari.
642 666 738 740 Nam
765 668 876 743 codex
903 670 985 745 MS.
1011 673 1074 770 qui
1103 676 1204 750 unitur

234 793 394 890 superest,
420 792 472 864 uti
497 817 516 864 a
539 792 613 865 viro
636 794 828 866 dottiffitno
845 818 957 892 nuper
973 799 1136 896 cognovi,
1148 801 1207 892 five

231 918 329 992 verbo
339 919 418 1011 pari
434 916 562 1014 absque
578 921 611 990 in
628 915 857 1014 repraesentat.
909 919 1005 994 Cum
1027 923 1212 1015 autemsrue

231 1047 267 1116 in
282 1066 342 1115 uno
363 1042 573 1139 praecedant,
596 1040 877 1139 praepositionem
901 1046 1087 1143 repetitam
1111 1046 1217 1122 neuti-

231 1189 340 1264 quam
365 1165 553 1263 oportebit.
606 1168 749 1263 Nempe
764 1171 844 1262 pari
866 1169 1019 1244 eundem
1044 1170 1102 1245 hic
1124 1172 1220 1247 usum

231 1292 368 1365 sortitur
395 1314 502 1389 quem
528 1291 564 1364 in
589 1290 652 1363 isto
675 1291 823 1379 Horatii,
848 1291 963 1367 Nobile
985 1317 1049 1392 par
1064 1290 1223 1396 fram.

231 1414 333 1490 Nihil
362 1414 484 1516 utique
512 1413 607 1488 aliud
637 1413 693 1488 hic
723 1415 798 1513 agit
829 1416 1049 1507 Terentianus,
1086 1437 1228 1517 praeter·

232 1562 341 1634 quam
353 1559 395 1613 ut
407 1539 531 1613 doceat
546 1539 711 1614 voculam
727 1563 798 1613 non
807 1536 885 1636 jam
899 1549 929 1636 ιξ
944 1537 1003 1616 sed
1018 1577 1049 1618 α
1064 1543 1230 1641 sequente

231 1664 379 1739 consona
394 1689 413 1738 a
430 1663 564 1740 Graecis
580 1665 735 1762 usurpari
751 1663 896 1754 solitam,
923 1666 993 1742 {ive
1013 1692 1055 1743 ea
1080 1668 1149 1765 (uti
1169 1670 1233 1742 lo·

230 1791 404 1890 quuntur)
435 1789 470 1861 in
499 1789 762 1886 compositione,
788 1789 856 1862 five
884 1811 982 1865 extra
1005 1793 1235 1892 compofitio·

229 1939 312 1989 nem
331 1911 475 1987 veniret.
524 1911 647 2011 Hujus
668 1934 786 1988 autem
811 1914 889 1987 usus
904 1917 1068 2013 exempla
1083 1909 1238 1990 adducit

228 2074 260 2114 ot
282 2075 388 2115 meror
409 2057 444 2112 et
465 2071 495 2111 ut
515 2072 601 2122 rum
628 2038 719 2109 illius
736 2048 872 2130 εκπλκξαι,
897 2071 1030 2133 temporit,
1056 2058 1093 2112 et
1108 2066 1238 2116 untw‘

230 2191 331 2250 pum,
363 2162 472 2258 vulgo
504 2161 620 2232 minus
654 2159 744 2234 reste
776 2190 966 2250 numm.
1017 2165 1156 2264 Qarto
1185 2164 1241 2235 in

229 2287 327 2358 versu
343 2285 461 2357 malim
476 2297 594 2373 vertet,
609 2307 690 2357 cum
705 2285 852 2357 verbum
864 2285 931 2358 hoc
944 2283 1035 2359 inter
1039 2287 1171 2385 jugabit
1185 2290 1242 2357 et

219 2412 347 2506 sonabit
372 2408 573 2497 intercedat,
598 2431 802 2507 quanquam
826 2409 943 2505 postea
966 2409 1122 2484 varietur
1143 2432 1240 2483 oon·

228 2534 370 2608 structio
402 2533 437 2607 in
470 2532 660 2620 excluditur,
692 2532 859 2630 loquuntur
888 2531 1048 2629 etfacit.
1103 2525 1233 2608 Versui

228 2660 353 2758 quinto
378 2654 510 2731 censuit
535 2658 679 2754 quidam
705 2657 915 2731 medicinam
937 2656 1135 2732 faciendam
1160 2654 1228 2731 esse

229 2784 393 2881 legendo,
430 2815 460 2857 o
492 2816 609 2877 sapam
638 2797 670 2855 et
701 2809 889 2869 smmum.
941 2781 997 2854 At
1026 2781 1123 2855 enim
1156 2783 1220 2855 hoc

227 2909 328 3006 pafto
345 2931 525 3005 perperam
543 2905 809 2981 confunduntur
824 2906 1000 3002 exemplu,
1022 2927 1144 2981 contra
1161 2929 1216 2979 no

227 3053 301 3106 tam
317 3031 501 3105 Terentiam·
521 3019 660 3130 arpenn.
711 3032 808 3104 Eum
832 3031 1056 3105 certiffirnum
1084 3033 1217 3107 videtur

228 3158 372 3232 unicum
391 3159 424 3228 in
448 3157 514 3230 hoc
532 3156 631 3230 versu
655 3150 872 3252 exemplum,
899 3156 1007 3256 idque
1029 3159 1171 3232 voculae
1194 3192 1219 3233 u

223 3288 260 3358 in
292 3307 351 3356 uno
382 3283 479 3355 verbo
511 3280 738 3378 comprehensa,
766 3281 903 3355 dediffe.
954 3285 1161 3380 Sequuntur
1187 3285 1220 3358 in

224 3409 388 3506 proximo
405 3404 557 3503 ejusdem
573 3404 676 3501 solute
696 3405 763 3479 five
785 3408 819 3478 in
842 3407 1008 3479 verborum
1026 3409 1106 3502 pari
1128 3404 1222 3480 usur·

226 3552 317 3627 patae
334 3529 504 3626 exempla.
555 3528 657 3628 Qud
676 3529 796 3603 multis
813 3552 901 3628 opus
918 3529 995 3604 est?
1038 3529 1222 3603 Terenttitni

225 3651 350 3748 opinor
367 3676 510 3727 manum
528 3676 621 3744 nunc
638 3651 762 3727 faciam
778 3655 961 3752 agnoscate

324 3776 380 3849 Sic
398 3796 433 3851 et
450 3778 536 3854 illud
553 3815 592 3857 err
606 3814 639 3855 το
655 3805 752 3870 mute
766 3809 952 3874 ικκικωφθπλ
968 3788 1054 3875 ξίφη

1077 3894 1223 3994 Nempe
