2550 4784
518 337 724 432 (349)

118 507 241 589 hacta
268 510 476 609 (Herculea
500 534 627 610 nempe
651 512 934 605 vietotiae,)-bis
961 539 984 588 a
1011 519 1123 592 nuncia

118 634 260 711 eraditis.
300 636 389 734 Quo
405 637 511 710 modo
529 637 721 735 tautologia
735 638 776 711 lit
797 662 903 736 quam
918 637 1048 717 senfiffe
1070 642 1124 717 vi·

118 759 421 845 denuntiamus,
445 783 528 833 curn
549 797 603 838 rm
625 796 674 855 μιν
698 797 839 853 mmm
862 782 998 837 tanturn
1015 764 1125 841 modo

118 884 375 985 interpretatus
391 883 507 973 fuerit.
544 885 613 959 Seu
628 885 889 982 Jobnfhnianam,
912 905 980 963 tum
990 904 1127 984 propter

118 1010 199 1098 lias,
224 1036 295 1108 quae
316 1009 440 1105 adsunt,
463 1025 681 1105 sarapropter
700 1035 752 1100 aa,
777 1037 845 1113 quae
850 1013 957 1108 fando
972 1014 1125 1110 accepisti.
1227 1053 1230 1058 ·

119 1135 311 1209 Sententia
324 1131 410 1206 milui
428 1133 566 1214 videtur
579 1135 645 1211 effe
662 1136 749 1210 haec.
774 1136 913 1237 Propter
927 1135 1008 1211 bunc
1023 1144 1126 1235 (pra-

118 1262 256 1357 Imm)
275 1258 457 1347 nuncium,
480 1280 567 1355 quem
582 1260 734 1357 accepisti,
759 1278 799 1335 ut
822 1268 898 1338 litia
912 1259 1128 1354 cumSchub

125 1384 401 1482 subintelligam.
451 1383 556 1481 Lego
571 1407 656 1459 vero

146 1576 149 1581 ’
281 1566 344 1622 Tur
357 1579 409 1641 part
426 1580 570 1645 nepotum,
598 1562 663 1622 ΩΝ
680 1581 836 1641 mmmmm
850 1578 934 1643 napp.

132 1735 166 1809 h.
184 1760 216 1808 e.
244 1767 399 1826 malmin
416 1769 464 1808 aa.
493 1751 553 1810 Tur
569 1722 752 1832 acceptum
770 1735 899 1809 librarii
916 1735 1070 1823 auribus,
1082 1734 1145 1809 ab·

131 1861 258 1934 ultima
274 1842 500 1957 praeedentis
519 1859 677 1933 vocabuli
701 1858 869 1959 deceptis,
893 1858 1019 1947 refero,
1043 1878 1080 1933 et
1095 1873 1128 1934 si

132 1982 316 2087 corretion
335 1983 463 2081 aliquo,
474 1982 537 2089 qui
552 2001 692 2083 putaret
705 1983 881 2081 pustmper
897 1980 989 2056 luam
1006 1996 1130 2059 anunm

131 2109 317 2207 pullulare.
364 2109 497 2201 Verum
515 2131 586 2182 non
603 2108 737 2207 semper
752 2108 923 2205 postulare
939 2127 975 2181 et
991 2106 1130 2181 aliunde

131 2232 248 2333 liquet
263 2254 300 2305 et
317 2256 361 2304 ex
379 2257 413 2307 v.
429 2258 513 2327 354.

219 2468 223 2475 Ι
332 2376 358 2429 Α
373 2391 422 2452 μιν
437 2395 485 2459 >ap
500 2334 642 2455 effugetur,
668 2368 760 2451 maa
774 2365 806 2455 μ’
822 2391 890 2459 eppa.

131 2536 193 2601 Mu
212 2496 310 2599 enirn
335 2523 450 2601 Attici
471 2521 692 2596 adhibebant
709 2546 851 2621 proper,
875 2540 916 2596 ut
931 2536 976 2614 st,
1000 2520 1130 2623 simpli·

131 2653 220 2727 citer
235 2648 356 2736 etiam,
381 2671 447 2746 pru
461 2663 510 2723 al.
560 2646 890 2745 Nondisplicuiffet.

333 2829 360 2886 T
360 2846 396 2888 ur
410 2845 460 2907 ptr
478 2843 622 2909 aapmua,
646 2845 698 2886 aur
714 2842 743 2903 >a
761 2847 796 2886 rr.
812 2840 844 2885 λ.

131 3015 201 3094 pro
216 3000 264 3067 alr.
290 2991 326 3065 ni
350 2988 385 3063 in
408 2989 532 3063 eodem
549 2987 647 3067 versu
658 2986 733 3088 jam
748 2957 912 3063 'adhibita
928 3025 979 3064 m
995 2988 1134 3087 propria

133 3121 194 3194 lua
217 3119 278 3190 vi:
304 3113 547 3214 praepolitivus
577 3117 672 3191 enim
701 3114 789 3214 laepe
819 3135 883 3212 pro
911 3111 1134 3213 postposrrivo

133 3245 244 3319 etiarn
262 3239 404 3317 Atticis.
423 3234 470 3315 cf.
486 3266 521 3315 v.
539 3264 599 3338 47.
617 3259 653 3315 et
671 3258 754 3335 207.
773 3238 836 3312 ubi
858 3235 885 3313 f.
908 3273 957 3317 m
976 3272 1018 3332 p.
1045 3237 1134 3313 adde

133 3367 412 3445 observationem
429 3365 474 3441 ad
491 3364 644 3463 Sophoclis
658 3364 749 3439 Oed„
765 3362 809 3438 C.
825 3386 911 3462 910.

186 3496 311 3591 Atque
339 3490 396 3564 hic
426 3489 533 3564 finem
559 3489 737 3587 imponam
767 3485 995 3563 observationi
1017 3485 1135 3583 longae

136 3616 298 3718 quidem,
325 3634 365 3688 ut
380 3612 502 3689 fateor.
551 3613 687 3688 Verum
707 3611 887 3687 enimvero
902 3612 1004 3687 licere
1018 3608 1135 3683 existi-

135 3741 280 3817 mabam
307 3737 343 3812 in
367 3736 435 3812 hoc
451 3736 711 3812 commentandi
729 3760 858 3835 genere
882 3755 1135 3832 nonnunquam

134 3862 360 3943 liberioribus
388 3861 528 3961 evagari
555 3860 686 3960 spatiis,
717 3859 906 3935 secundum
932 3854 1035 3955 hujus
1062 3854 1135 3931 edi·

134 3986 243 4064 tionit
269 3985 465 4077 confilium,
490 3985 587 4086 quod
615 3984 651 4061 in
677 4008 732 4077 eu,
756 3983 947 4086 praecipue,
970 3978 1136 4068 versatur,

1094 4119 1137 4176 ut
