2550 4784
139 112 187 207 7⁶
261 110 707 188 nrtscuntnunn
747 108 1009 189 curt-ten·

137 293 317 367 enimvero
335 292 415 369 usus
436 293 496 367 ilie
520 292 621 366 toties
637 294 840 367 decantatus
858 318 994 369 merum
1008 291 1090 369 eiiit·
1148 288 1155 330 ‘⁷

137 416 310 492 somnium
326 440 370 491 ex
385 434 486 516 porta
506 416 659 491 eburnea
683 413 893 515 profectum.
944 418 980 492 Si
1004 419 1093 516 utique
1148 412 1156 421 '

135 539 227 614 ullus
257 564 376 615 revera
403 543 582 631 habeatur,
605 543 663 616 vei
688 541 859 616 editorem
887 543 946 616 vei
966 542 1093 616 ledono
1151 536 1156 577 ³

135 662 263 762 spesiet
280 661 409 739 necesse
428 666 495 740 est:
522 667 635 763 Atqui
652 665 733 740 scire
756 665 873 755 veiim,
898 688 977 763 quo
988 666 1094 739 tnndeu

138 789 254 862 editor
280 789 416 864 criterio
444 789 643 888 dignoscere
670 792 770 888 poffit
800 788 948 865 scribine
973 806 1096 889 oportet

137 911 275 1001 μάλα,
299 937 343 987 an
360 938 441 989 veru
456 911 590 998 denaia.
641 915 713 1009 Ipsa
729 927 886 988 remeetur
902 913 1017 989 indoles
1032 928 1098 1013 atpt

137 1038 390 1128 erationisfilrnn
404 1043 491 1114 uocis
505 1042 657 1112 notionem
671 1037 848 1124 indicabit3
872 1038 939 1112 baec
952 1052 1053 1112 aete»
1064 1058 1099 1111 tt·

136 1179 242 1235 centus
248 1162 350 1257 fidem
366 1163 594 1237 determinabit.
627 1162 777 1237 Rursus:
801 1162 993 1237 Undenam
1009 1158 1100 1236 ledui

137 1286 347 1363 innotescere
362 1288 492 1398 poterit
507 1290 644 1363 rectene
663 1288 827 1363 scribatur
845 1288 986 1380 edua,
1008 1310 1048 1364 an
1061 1310 1102 1387 pet
1154 1290 1156 1361 ἶ

137 1410 280 1487 editoris
305 1414 362 1488 vei
386 1412 595 1512 imperitiam
623 1415 679 1489 vel
705 1414 897 1501 incuriam3
921 1438 964 1489 uc
986 1412 1102 1515 proinde

139 1534 276 1625 amada,
286 1556 321 1609 et
332 1536 410 1615 vice
419 1536 524 1626 versa,
533 1539 713 1639 oporteat?
729 1544 784 1616 Ex
793 1536 1103 1637 nationisfilopettii

136 1682 222 1733 vera
245 1661 337 1733 uerbi
358 1664 463 1750 notin
488 1679 578 1762 atque
604 1662 677 1736 binc
700 1660 964 1739 armabitur
988 1674 1103 1741 acceriu

27 1866 32 1874 ,
131 1781 231 1883 fides.
280 1783 473 1865 Suaviffimi
488 1788 719 1887 argutatores!
754 1786 863 1861 Verbi
880 1787 1054 1863 notionem
1066 1806 1104 1857 er·

134 1892 262 1981 ¹'centua
278 1907 385 1999 sedes,
411 1930 574 1985 accentus
589 1930 706 1985 autem
722 1908 838 1986 sedem
854 1911 955 1987 verbi
970 1902 1105 1985 notiori·

138 2031 246 2107 cisum
259 2032 483 2145 determinati
507 2034 560 2109 Ni
574 2034 641 2108 hoc
653 2034 694 2107 fit
706 2032 741 2108 in
753 2033 897 2126 circuio,
909 2034 1007 2147 quod
1021 2034 1104 2119 aiunt.

137 2152 323 2253 disputare,
348 2160 434 2257 quid
447 2157 592 2232 tandem
609 2158 675 2233 etse
691 2159 849 2257 poteriti

189 2266 348 2373 num,
370 2290 480 2382 quam
495 2300 652 2389 crepant,
677 2302 887 2369 accentuum
901 2285 1037 2361 virturit
1050 2276 1105 2381 qui

138 2408 220 2482 dam
243 2408 279 2481 in
300 2384 408 2504 quem
428 2405 522 2481 forte
545 2407 652 2481 incidi
672 2409 937 2509 grammaticus,
960 2408 1022 2508 qui
1035 2400 1106 2482 etli-

138 2528 244 2605 brum
260 2528 361 2604 suum
383 2529 575 2607 doeiiffimo
594 2530 723 2607 Ciarkir
740 2531 1013 2607 ¹examinandum
1032 2548 1108 2611 cou-

138 2655 262 2733 mistsie
284 2654 319 2732 se
342 2655 538 2757 profitetur,
562 2656 765 2759 exemplum
788 2656 947 2732 venditat
969 2655 1108 2733 sumum

138 2782 331 2875 secundum
353 2780 480 2857 formae
504 2782 670 2881 optativa
689 2788 813 2876 τυπῒμι,
838 2802 876 2857 et
897 2782 1056 2881 uoristum
1074 2776 1111 2853 π’·

138 2945 229 3002 aaa.
279 2910 375 3007 Qua
389 2922 475 3000 'vero
489 2907 534 2981 de
548 2905 672 2991 tanim
686 2926 724 2982 et
737 2910 861 2993 ma
869 2902 946 3003 jam
966 2905 1112 2987 dixinu,

138 3035 186 3125 de
201 3034 269 3108 hoc
285 3032 420 3122 itidem,
445 3033 497 3107 uti
514 3035 612 3108 etde
636 3032 703 3107 aiio
723 3054 935 3129 quocunque
958 3027 1114 3127 exenpu

139 3160 247 3236 sires
271 3158 469 3258 postularet,
494 3155 562 3231 dici
588 3157 733 3257 possent.
782 3156 1117 3236 verumenimvero

133 3290 226 3388 'pace
248 3282 568 3381 grammaticorum,
594 3282 630 3356 in
659 3306 717 3356 nae
743 3278 979 3382 praestandum
1007 3274 1121 3377 recipio

139 3408 303 3485 futurum
317 3405 506 3481 secundum
521 3403 646 3494 sonnae
661 3405 719 3480 vei
735 3404 857 3480 attivae
872 3403 934 3480 vei
949 3402 1077 3479 mediae
1096 3400 1124 3475 it

133 3534 267 3615 ¹Graeco
294 3530 450 3607 sermone
477 3529 645 3631 nusquam
673 3528 827 3631 reperiri.
876 3544 968 3607 Tua
994 3552 1066 3604 non
1087 3522 1129 3601 eii

140 3640 204 3731 nifi
228 3654 339 3757 aurisii
363 3651 583 3753 subjunctivi,
609 3679 674 3730 nec
698 3680 785 3733 vero
802 3656 916 3749 maa
939 3653 1003 3728 nisi
1026 3651 1132 3731 aoriffi

133 3781 290 3895 'optativi
305 3781 519 3881 exemplum.
571 3792 713 3872 Tmen,
736 3800 882 3869 muna,
904 3790 1081 3876 amm,
1104 3796 1137 3853 et

130 3900 260 3999 'similia
276 3928 346 3982 non
363 3906 424 3983 nisi
441 3907 476 3984 in
492 3906 804 4007 grammaticorum
828 3903 961 4006 scriptis
984 3925 1022 3983 et
1050 3928 1140 3985 cerc-

1041 4018 1143 4095 bellis
