2550 4784
118 346 130 394 t
147 320 360 409 succurre.
376 340 465 394 voc.
482 342 688 410 Qinnuttu.
703 323 993 424 annnrrnnn.
1018 359 1065 434 9¹

118 502 167 578 ud
183 501 225 575 ad
243 499 393 599 primam
410 523 493 577 vero
511 522 579 575 non
597 501 691 576 item.
741 504 782 577 Id
799 509 896 604 quod
918 535 1000 587 cum
1023 537 1069 588 ex

118 628 151 699 iis
173 628 262 713 bene
291 623 409 709 multis
435 629 617 723 exemplis,
645 646 720 701 tum
747 635 986 730 praecipueex
1004 638 1069 712 isto

118 770 196 847 quet,
218 749 314 847 quod
332 748 386 820 vir
402 749 557 825 cruditus
576 751 679 849 ipsius
697 751 836 849 hujusce
852 757 1070 834 Praefatiouis

118 898 158 973 ng.
173 873 271 951 XIV.
298 873 333 944 in
351 871 417 945 alio
434 894 643 972 argumento
660 876 727 972 ipse
746 874 916 955 laudavit:

266 1070 357 1147 Aequi
372 1048 488 1149 depictor
506 1042 689 1146 mimum
703 1060 869 1149 μιὼουμω.

118 1223 211 1300 iditori
227 1224 382 1323 profecto
399 1230 529 1300 mirum
549 1228 582 1299 in
601 1230 748 1303 modum
771 1228 954 1305 infeliciter
975 1235 1067 1307 ceffit

118 1370 153 1421 uc
164 1351 368 1446 exemplum.
410 1352 564 1449 Quippe
582 1375 651 1424 non
668 1352 778 1427 solum
795 1354 923 1428 exinde
939 1353 1066 1430 refelli·

118 1495 147 1544 ur
165 1478 250 1573 quod
270 1476 316 1549 de
337 1474 450 1572 prima
471 1476 565 1547 vocis
586 1489 694 1553 umen
720 1497 915 1564 monuerat,
939 1502 1064 1553 verum

118 1594 183 1671 tiuu
205 1601 247 1674 ad
276 1619 522 1698 argumentum
552 1598 588 1671 in
618 1624 692 1696 quo
719 1599 870 1674 versatur
894 1603 1065 1676 illustran-

118 1715 170 1793 iun
188 1723 232 1795 nii
260 1723 455 1820 quidquam
485 1720 673 1796 confertur.
725 1724 842 1797 Docet
877 1725 995 1823 utique
1028 1726 1065 1798 in

118 1843 185 1918 urbo
203 1866 383 1942 numnam
408 1848 494 1920 duas
523 1848 646 1921 breves
671 1849 789 1922 unius.
805 1850 922 1947 longa·
949 1850 1064 1924 vicem

118 1960 234 2063 'upplere
285 1970 395 2068 Quod
414 1991 530 2043 tamen
549 1996 600 2043 res
618 1973 703 2045 adeo
722 1974 877 2062 nonest,
903 1994 956 2064 ut,
980 1975 1005 2051 fi
1026 1975 1064 2049 in

118 2086 210 2168 sttrum
242 2095 405 2168 brevium
439 2095 557 2168 locum
591 2096 732 2191 longam
767 2096 995 2188 substitueriS,
1028 2100 1065 2173 in

118 2214 188 2290 ersus
212 2219 328 2293 senarii
358 2219 454 2316 leges
484 2222 709 2318 peccaveris:
740 2221 883 2316 Neque.
905 2220 997 2295 enim
1028 2220 1065 2293 in

118 2338 454 2453 dequartapcomicus
476 2344 587 2441 magis
609 2368 718 2442 quam
742 2344 895 2441 tragicus
916 2343 1063 2445 senarius

118 2470 258 2557 uncum
288 2470 421 2567 recipit.
473 2473 596 2565 Atque
624 2469 692 2541 hoc
721 2465 966 2566 ipsoquidem
996 2458 1062 2540 'no-

118 2587 275 2668 tineieciio
287 2595 430 2691 vulgata
441 2596 613 2687 oxomum,
627 2592 725 2690 quod
742 2593 777 2662 in
795 2591 856 2671 ista
866 2590 945 2673 sede
961 2590 1061 2691 spon-

118 2734 176 2790 tum
189 2718 360 2819 praeferat,
388 2718 591 2815 neutiquam
609 2717 751 2809 ferenda
768 2715 827 2789 est.

131 2840 280 2917 Alterum
292 2842 425 2917 ibidem
438 2832 587 2955 errorem
601 2834 905 2939 deprehendimus,
919 2837 980 2934 qui
996 2838 1064 2910 im·

118 2962 220 3041 tensum
233 2969 421 3041 verborum
437 2974 622 3040 numerum
638 2944 895 3075 complectitur.
923 2963 1062 3061 “Quid

129 3111 200 3163 vero
221 3090 266 3163 de
292 3114 334 3164 eo
358 3086 530 3179 dicemus,
557 3089 646 3207 ςιῇἰη
640 3108 684 3163 ex
709 3110 796 3162 voce
816 3086 956 3183 indutu
977 3087 1064 3160 duas
1185 3090 1193 3101 ”

127 3212 237 3291 breves
259 3235 296 3290 ct
306 3218 494 3314 'dactylum
520 3196 629 3302 fecit,
641 3197 752 3287 cunt
755 3248 766 3287 r
784 3231 863 3286 ante
888 3212 909 3267 ⁷
888 3210 1063 3311 semper

125 3337 222 3440 longa
238 3342 300 3428 fit,
326 3363 362 3415 er
376 3376 396 3415 a
414 3342 448 3424 in
465 3341 606 3441 poetico
622 3340 689 3415 illo.
698 3375 730 3413 aa
747 3337 845 3411 nullo
862 3336 969 3409 modo
985 3334 1063 3435 pos·

120 3464 155 3541 fit
154 3467 350 3571 corripi?
365 3469 449 3543 Nun
469 3484 568 3581 pqtes
586 3465 698 3563 igitur
714 3464 750 3535 in
766 3463 836 3535 fine
855 3458 1062 3542 hexametri,

118 3592 207 3686 ὖπιζιν
206 3600 258 3685 {ae
274 3626 388 3679 mnu·
397 3590 469 3671 .de
488 3590 549 3677 Γιέ,
570 3592 667 3683 dorileu
667 3596 764 3681 ξᾶοδὶ
781 3578 902 3662 voror!
903 3554 1061 3680 ’Qud

118 3714 192 3791 iio?
220 3752 241 3791 a
262 3715 299 3791 in
321 3710 460 3825 poetico
470 3708 548 3791 illo
573 3750 604 3789 on
631 3712 727 3789 nullo
752 3710 859 3784 modo
875 3705 968 3835 posse
986 3726 1061 3785 cor·

117 3839 155 3921 ii
182 3842 300 3917 Immo
316 3864 412 3946 veru
418 3840 588 3951 nusquam
607 3863 676 3947 qun
693 3835 918 3934 compitum
931 3849 967 3904 et
988 3853 1063 3907 cor-

118 3983 168 4038 tae
194 3936 356 4066 quidem
367 3963 421 4061 vir
445 3962 604 4039 eruditus
627 3963 737 4041 etiam
751 3963 787 4045 in,
803 3958 861 4041 sua
861 3920 1064 4045 Coldimachi

911 4081 1063 4159 editione
