2550 4784
354 422 358 431 .
445 344 465 438 .(
515 363 588 443 417
639 272 661 437 ›-

47 549 134 603 men
161 519 331 619 exiguam
358 516 518 620 profefio
540 520 886 616 commentariorum,
910 530 1051 628 praeier-

50 651 119 727 tim
136 645 378 732 vetustiorum,
404 648 440 720 in
466 664 608 743 poetam
629 646 897 746 conscriptorum
915 674 1052 750 partem

50 775 240 862 habemus,
266 769 385 867 itaque
411 771 541 845 multas
567 771 778 865 mutationes
807 775 853 849 ab
882 778 921 851 iis
946 778 1054 856 fatias

52 896 227 975 nescimus
241 893 367 984 forsan,
393 918 459 993 pro
474 895 651 969 Homericis
668 893 770 973 hodie
785 895 933 978 habitas.
982 902 1054 978 Ho-

52 1024 137 1099 ereri
152 1019 298 1119 quidem
312 1039 488 1117 poemata,
499 1021 616 1119 qualia
627 1043 721 1095 nunc
732 1019 906 1098 habentur
919 1025 1056 1126 scripta,

54 1168 131 1223 non
149 1143 339 1233 immerito,
363 1163 405 1219 ut
431 1145 582 1235 videtur,
607 1145 759 1222 Homeri
779 1147 989 1244 njacimento,
1014 1170 1057 1227 ut

54 1270 152 1348 Italo
176 1287 320 1345 utamur
342 1269 528 1371 vocabulo,
552 1292 734 1362 vocemur,
759 1294 831 1345 non
848 1273 1058 1370 quast-tanta

53 1393 294 1473 sane-licentia
309 1393 505 1482 immutata,
518 1414 649 1493 quanta
663 1382 807 1486 Baiardi,
824 1396 916 1487 Itali,
931 1421 1059 1497 poema

41 1542 81 1605 ‚a
96 1518 258 1611 Bernio',
283 1541 400 1617 neque
415 1538 546 1618 quanta
560 1520 713 1596 cbauceri
728 1520 832 1596 nostri
847 1522 1023 1621 poematia
1037 1551 1060 1600 a

55 1644 212 1744 Drydetro
226 1645 382 1745 Popioqrte
397 1642 572 1736 conversa,
596 1644 652 1719 sed
676 1642 818 1744 majore,
844 1666 885 1720 ut
904 1648 1060 1738 videtur,

55 1792 170 1871 quam
178 1770 339 1869 Sparserat
347 1768 555 1869 abHugbesto
566 1769 696 1843 editus.
710 1770 780 1844 Sed
793 1771 848 1844 vel
857 1770 902 1843 src
913 1772 1059 1848 demum

52 1893 155 1997 quod
171 1895 216 1971 ad
223 1894 433 1992 scripturae,
448 1893 493 1969 de
501 1916 581 1994 ’qua
597 1881 659 1967 hic'
670 1894 823 1969 maxime
839 1896 967 1995 agitur,
978 1923 1060 1997 per·

56 2020 161 2109 tinet,
185 2019 294 2117 longe
308 2019 412 2119 plura
425 2019 581 2119 antiquae
602 2018 737 2093 dialeiii
758 2020 893 2095 Graecae
917 2022 1061 2122 vestigia

10 2175 13 2185 ·
58 2144 101 2221 in
117 2146 294 2237 Homero,
318 2170 428 2245 quam
446 2143 540 2231 alibi,
567 2143 786 2220 invenienda.
821 2146 963 2223 Interim
979 2172 1064 2224 veto

46 2271 185 2365 ,eadem
207 2290 245 2346 et
261 2269 398 2371 integra
412 2270 463 2345 est
480 2265 622 2368 havendi
641 2264 768 2355 forma,
794 2269 928 2343 eaedem
935 2273 1063 2367 senten·

55 2397 132 2485 aie,
148 2391 257 2470 iidem
275 2393 512 2469 charaetetum
528 2416 645 2481 mores:
671 2392 732 2490 qui
746 2393 794 2465 ita
807 2392 1063 2491 depinguntur,
1128 2443 1129 2447 =

56 2536 105 2615 ut
127 2516 264 2592 Pom
294 2519 430 2619 ubique
453 2518 588 2593 animos
612 2515 809 2614 legentium
831 2536 927 2593 tanta
946 2520 1064 2596 dulce·
1098 2503 1103 2514 ’

54 2642 145 2718 dine
169 2639 371 2745 perfundat,
396 2662 528 2741 quanta
543 2664 590 2716 ex
607 2637 788 2743 omnibus,
812 2659 990 2741 quotquot
1004 2650 1065 2742 exg'

57 2766 211 2858 titerint,
238 2765 307 2842 hu'c
323 2766 432 2865 usque
448 2765 606 2866 profecto
622 2766 739 2865 potuit
756 2788 873 2841 nemo.

113 2894 199 2992 Jam
214 2915 298 2968 vero
314 2891 421 2967 etiam
437 2891 463 2965 st
480 2891 597 2965 minus
614 2888 758 2984 bene†,
783 2906 824 2967 ut
838 2889 992 2979 videtur,
1009 2886 1066 2966 fo·

58 3017 148 3113 ciat,
158 3040 222 3116 qut
211 3013 326 3092 bodie
339 3014 542 3095 Homericis
557 3012 700 3111 scriptis,
714 3035 849 3112 nempe.
857 3014 966 3115 qualia
982 3041 1065 3094 nunc

60 3142 238 3233 baberetur-4
262 3142 465 3242 Digamma,
488 3156 684 3273 caetetaque
709 3139 869 3213 Homerici
891 3143 958 3214 aevi
980 3165 1065 3239 pro·

58 3266 152 3369 pria,
177 3266 355 3343 restituere
369 3283 501 3342 tentet:
527 3286 651 3339 verum
677 3278 794 3338 tamen
820 3263 976 3338 multum
1004 3270 1064 3337 cxl

55 3391 164 3500 pedit
178 3389 272 3485 scire,
296 3412 380 3491 qoae
403 3387 536 3465 fuerint
561 3388 655 3480 haec,
677 3406 718 3464 et
740 3387 804 3463 ubi
830 3387 917 3463 illud
941 3386 1062 3463 locum
1118 3394 1125 3406 '

102 3588 273 3650 'aL’Oier
274 3588 313 3658 do
336 3585 521 3654 Ianamortto
543 3585 591 3648 del
608 3585 691 3648 Bora
672 3603 770 3659 amo
789 3582 889 3648 rifatto
912 3583 951 3646 da
969 3585 1057 3646 Fran·

59 3682 281 3860 “maxi
272 3775 336 3839 iai·
347 3777 497 3852 merdam,
515 3794 582 3857 qoae
593 3772 739 3848 observato
751 3774 816 3842 suat
827 3771 932 3837 inira
922 3792 954 3835 m
970 3773 1059 3856 Speci-

58 3899 118 3941 nn
130 3877 335 3961 lio-niuster
330 3879 423 3958 ‘ptura
436 3874 624 3957 Upim.

504 4015 631 4123 Ggg
883 4008 1070 4111 habuerm
